2383 3039
1201 90 1237 119 14

401 196 450 233 23,
476 197 504 227 3.
529 198 594 228 colo
619 198 708 229 illam
732 197 788 238 [sc.
811 197 975 238 laetitiam]
999 198 1054 228 tibi
1076 197 1158 227 (lomi
1182 196 1287 227 nasci:
1320 197 1461 228 nascitur
1489 197 1519 227 si
1548 197 1687 228 domus
1719 197 1806 228 intra
1828 199 1856 228 te
1879 197 1982 235 ipsum
2004 196 2067 237 sit]
2113 197 2188 229 Cum

234 250 395 289 Madvigio
418 255 450 282 et
472 252 497 283 P
519 254 628 285 codice
651 256 739 285 morlo
762 255 954 286 scribendum
979 262 1047 285 esse
1071 253 1228 289 concedet,
1253 253 1435 292 quicunque,
1460 261 1551 292 quam
1573 254 1715 293 putidum
1737 254 1779 285 sit
1800 253 1919 291 domus,
1945 254 2071 285 sentiet.

402 309 452 346 23,
478 311 506 339 ὓ.
530 312 676 342 conculca
700 312 774 347 ista,
808 321 885 349 qaae
908 311 1096 342 extrinsecas*
1118 309 1293 347 splendent,
1330 319 1410 347 quac
1432 310 1488 340 tibi
1503 311 1733 348 promittuntur
1755 311 1794 341 ab
1818 311 1882 341 alio
1915 310 1981 341 vel
2009 320 2055 341 ex
2085 310 2172 341 alio
2187 321 2198 342 :

236 363 280 393 acl
302 373 409 394 cerum
432 365 547 396 bonnm
570 370 674 405 specta
704 371 730 398 ot
761 368 797 397 de
826 370 876 397 tuo
897 366 1023 405 glande]
1069 366 1120 397 Sic
1145 366 1260 402 Haase,
1298 366 1348 404 qui
1379 374 1416 395 ex
1446 376 1466 404 p
1497 366 1604 396 codice
1635 367 1772 397 restituit
1800 367 1851 397 vel
1880 376 1920 397 cx
1949 367 2012 397 alio
2042 367 2189 398 adversus

236 418 436 458 Fickertum,
461 422 512 460 qui
536 423 591 453 illa
613 424 655 454 ibi
678 424 787 455 deesse
810 422 971 461 significat.
1016 432 1043 453 v.
1067 423 1125 453 Jan
1150 421 1183 461 (l.
1207 422 1226 452 l.
1254 422 1304 461 13)
1328 421 1485 460 dubitat‚·
1501 431 1540 452 an
1563 422 1758 453 scribendum
1782 423 1823 454 sit
1844 423 1892 454 ccl
1913 432 1950 454 cx
1971 423 2085 454 alieno.
2130 423 2192 455 Sed

237 476 383 507 videntur
404 478 459 507 illa
482 479 577 509 verba
600 481 723 510 omnino
746 480 916 510 omittenda
939 489 1015 510 esse.
1061 479 1242 510 Rectissime
1266 478 1346 508 enim
1370 482 1567 517 opponuntur
1598 478 1629 518 1)
1652 488 1733 517 quae
1755 481 1947 511 extrinsecus
1969 481 2131 518 splendent
2153 497 2194 503 -—

239 533 282 563 acl
305 543 411 564 verum
436 536 559 572 bonum,
586 537 618 575 2)
643 538 681 567 ab
706 538 769 567 ulio
794 554 832 558 —
855 537 891 566 de
913 539 980 572 tao,
1006 536 1097 566 tertio
1129 544 1200 566 vero
1231 535 1379 566 orationis
1411 535 1546 566 membro
1569 544 1630 565 nou
1653 538 1701 566 est
1722 535 1819 566 locus.
1864 536 1905 566 At
1928 536 2032 567 Haase
2055 537 2149 567 nimia
2170 547 2191 577 p

240 590 358 620 codicis
381 592 582 623 veneratione
606 594 773 632 abripitur,
809 597 842 623 ut
864 593 1065 623 antecedente
1089 592 1175 629 loeo,
1209 600 1389 630 quamquam
1414 592 1515 629 etiam,
1540 591 1591 630 qui
1614 591 1699 621 illum
1725 592 1907 630 exaraverit,
1932 592 2015 631 quod
2037 592 2190 624 interdum

239 646 397 684 misereat,
429 647 617 679 dormitasse
641 653 780 689 apparet.
825 649 939 679 Contra
961 648 1052 686 paulo
1075 651 1146 686 post
1169 652 1252 677 recte
1274 649 1403 678 mutavit
1426 648 1528 678 Haase
1552 648 1637 678 brevi
1659 648 1870 685 paenitendas
1892 656 1949 686 pro
1972 649 2083 684 breves,
2111 658 2190 687 pae-

239 703 390 733 nitendas
412 705 607 742 approbante
630 705 803 736 Matthiaeo
817 704 846 744 *)
870 714 907 735 ac
929 714 983 735 suo
1006 705 1070 734 iure
1094 708 1202 743 postea
1224 704 1347 743 scripsit
1377 704 1428 734 Ita
1450 704 1539 734 dico:
1574 704 1606 733 in
1629 703 1800 742 praecipiti
1828 703 2041 741 voluptas.-
2076 704 2119 735 ad
2140 705 2194 735 do-

242 759 339 789 lorem
362 761 470 798 vet-qil,
503 762 571 791 nisi
593 763 719 792 modum
742 764 887 791 teneat.
933 761 1002 790 Non
1026 764 1072 790 est
1095 760 1173 790 enim
1196 769 1249 789 cur
1271 764 1420 790 mutemus
1443 769 1510 790 cum
1534 760 1691 798 Madvigio
1713 761 1857 798 voluptas
1878 762 1941 790 stat
1963 785 1968 790 .
1994 785 2000 790 .
2026 785 2031 790 .
2059 783 2065 791 .
2087 761 2198 792 tenuit.

409 816 458 852 24,
484 818 513 846 2.
537 820 572 847 ct
595 817 776 857 intcllcyes]
801 817 875 847 Cum
898 816 1045 846 Fickerto
1069 816 1230 847 delendum
1254 824 1321 845 esse
1344 818 1378 852 et,
1404 816 1485 854 quod
1508 816 1611 846 Haase
1634 824 1671 846 ex
1694 825 1715 855 p
1738 815 1845 846 codice
1868 816 1957 853 eruit,
1981 816 2052 846 inde
2074 816 2197 847 videtur

243 871 343 909 effici,
379 873 462 911 quod
493 874 653 904 antecedit
679 883 818 911 propone
842 875 896 902 et.
924 898 928 902 .
955 897 959 902 .
986 896 991 902 .
1016 875 1096 902 taxa.
1153 872 1324 902 Verisimile
1357 876 1440 902 certe
1474 881 1533 902 non
1568 875 1615 902 est
1647 872 1796 903 Senecam
1826 871 2007 903 brevissimo
2030 872 2195 903 intervallo

242 932 316 969 post
338 930 424 968 prius
447 929 524 960 illud
547 932 575 959 ct
598 930 706 960 eadem
730 929 944 960 coniunctione
968 937 1094 967 prorsus
1118 927 1179 957 alio
1204 936 1294 957 sensu
1316 937 1402 958 usum
1426 937 1504 958 esse.
1590 971 1593 973 -

409 987 459 1022 24,
486 987 514 1015 3.
537 985 601 1016 Nec
623 986 681 1015 diei
704 986 843 1022 exempla
868 1010 873 1014 .
892 1009 897 1014 .
916 1009 920 1014 .
945 985 1117 1022 colliqenrla
1140 986 1233 1013 sant.-
1262 985 1364 1014 omnis
1388 985 1442 1014 illa
1466 987 1551 1014 (zetas
1574 985 1652 1015 tulit.
1678 985 1711 1015 in
1734 994 1951 1023 quamcunque
1970 987 2096 1023 partem
2115 1010 2120 1015 .
2139 1010 2145 1016 .
2164 1010 2170 1016 .
2190 1010 2197 1017 .

242 1043 429 1074 memoriam
450 1042 585 1078 miseris,
610 1044 771 1072 occurrent
793 1042 849 1071 tibi
872 1041 999 1079 inyem'a
1022 1042 1077 1070 ant
1094 1040 1252 1077 profectus
1275 1042 1331 1070 (titt
1355 1041 1485 1078 impetres
1509 1039 1640 1080 maymss]
1675 1040 1778 1071 Habet
1801 1041 1949 1080 quosdam
1964 1040 2197 1080 probabilitatis

189 1088 192 1090 ⁵
243 1108 399 1136 numeros,
425 1099 507 1137 quod
531 1099 663 1128 Bartsch
688 1098 721 1136 (l.
745 1098 764 1127 l.
788 1108 817 1136 p.
844 1099 895 1135 15)
920 1098 1085 1133 contendit,
1109 1105 1169 1126 non
1191 1106 1248 1135 pro
1270 1097 1408 1134 genuinis
1434 1098 1607 1127 Annaeanis
1630 1098 1708 1128 haec
1730 1098 1825 1129 verba
1847 1106 1915 1129 esse
1937 1097 2090 1136 habenda,
2113 1098 2195 1137 quod

244 1159 277 1187 et
292 1159 405 1195 postea
429 1156 664 1194 (contemptores
688 1163 794 1184 eornm
818 1155 887 1189 rita,
912 1154 965 1191 qni
988 1163 1049 1183 nan
1072 1153 1244 1191 quaerendi
1266 1154 1319 1183 Sed
1341 1153 1477 1192 eliyemlc'
1499 1156 1585 1192 sunt)
1610 1153 1674 1184 fere
1690 1155 1798 1185 eadem
1814 1158 1868 1184 aut
1884 1153 2039 1184 simillima
2054 1154 2197 1185 dicantur

245 1216 277 1242 et
300 1212 416 1241 nullum
441 1214 594 1249 appareat
618 1211 732 1240 hiantis
756 1211 973 1240 commissurae
997 1211 1167 1247 vestigium.
1212 1210 1300 1247 Quod
1324 1211 1459 1248 quamvis
1483 1211 1523 1240 sit
1546 1220 1666 1248 verum,
1701 1215 1804 1242 tamen
1826 1215 1857 1242 et
1880 1220 1932 1248 ea,
1964 1219 2041 1250 quae
2064 1211 2197 1242 delenda

247 1277 316 1300 esse
339 1268 392 1298 ille
416 1271 532 1304 censet,
557 1267 648 1305 plane
671 1267 794 1304 genuini
810 1270 880 1296 sunt
898 1266 1009 1296 coloris
1026 1266 1194 1303 Annaeani,
1219 1270 1250 1295 et
1272 1264 1343 1303 fingi
1367 1266 1415 1295 vix
1438 1270 1549 1304 potest,
1573 1275 1626 1297 cur
1648 1267 1716 1306 quis
1738 1267 1882 1297 librarius
1904 1270 1957 1297 aut
1979 1266 2197 1304 grammaticus

246 1326 279 1354 in
302 1333 335 1354 re
357 1324 541 1362 planissima
564 1326 626 1351 tani
651 1322 748 1351 multa
772 1322 864 1352 verba
887 1321 1029 1352 facienda
1052 1323 1211 1357 curaverit,
1238 1326 1268 1352 et
1291 1326 1393 1360 potest
1410 1323 1527 1352 Seneca
1552 1323 1654 1361 aliquo
1682 1324 1773 1354 modo
1790 1322 1924 1354 defendi.
1967 1323 2097 1353 Videtur
2119 1324 2200 1354 enim

246 1381 292 1410 ita
316 1379 381 1410 fere
405 1378 604 1409 ratiocinari:
636 1378 705 1407 Non
729 1386 870 1415 inagnum
895 1377 1019 1415 aliquod
1043 1382 1095 1407 aut
1117 1387 1176 1408 non
1199 1378 1320 1415 longum
1343 1377 1373 1407 in
1396 1377 1459 1407 vita
1482 1379 1676 1409 metuendum
1699 1387 1766 1409 esse
1788 1379 1892 1409 multis
1915 1386 1992 1417 quae
2015 1378 2126 1417 ubique
2149 1387 2200 1410 oc-

248 1439 374 1467 currunt
398 1435 549 1473 exemplis
579 1434 740 1472 probatur.
785 1433 864 1463 Nam
888 1433 970 1462 ultra
993 1434 1131 1463 exsilium
1156 1438 1187 1463 et
1209 1442 1362 1463 carcerem
1387 1438 1417 1463 et
1440 1434 1621 1472 supplicium
1644 1435 1720 1464 nihil
1744 1433 1808 1464 fere
1831 1435 1969 1472 cuiquam
1993 1437 2097 1473 potest
2118 1435 2200 1465 acci-

247 1493 332 1523 dere.
378 1492 473 1530 Atqui
508 1499 614 1520 eorum
648 1489 798 1519 malorum
829 1489 938 1525 singuli
969 1494 1097 1526 possunt
1127 1493 1355 1527 contemptores
1386 1489 1503 1526 afferri,
1539 1490 1589 1528 qui
1613 1499 1673 1520 non
1696 1490 1862 1529 quaerendi
1885 1490 1939 1520 sed
1963 1490 2095 1528 eligendi
2119 1494 2202 1522 sunt.

247 1550 357 1587 Itaque
382 1548 483 1578 oratio
508 1546 650 1585 procedit
672 1554 729 1583 per
752 1544 1022 1583 amplificationem
1046 1545 1198 1575 veteribus
1222 1545 1461 1580 usitatissimam,
1487 1554 1583 1584 neque
1606 1549 1662 1582 est,
1694 1555 1748 1576 cur
1770 1546 1934 1585 quidquam
1957 1545 2106 1577 deleatur.
2152 1546 2201 1577 Si-

248 1606 363 1635 militer
386 1604 480 1633 etiam
504 1606 615 1640 postea
638 1601 828 1630 abundantia
851 1601 981 1637 quadam
1007 1601 1101 1629 utitur
1118 1601 1243 1635 Seneca,
1268 1601 1349 1638 quod
1365 1601 1473 1630 scribit
1488 1600 1505 1639 ξ
1522 1602 1539 1629 9
1564 1601 1634 1630 Non
1660 1602 1692 1631 in
1714 1602 1770 1631 hoc
1792 1611 1875 1631 nunt¹
1897 1592 2035 1638 exempla
2058 1611 2196 1640 congero,

248 1661 265 1702 ξ
292 1663 326 1692 11
358 1669 433 1698 „nec
456 1668 493 1689 ex
517 1658 657 1689 omuibus
682 1657 814 1686 saeculis
838 1660 1066 1694 contemptores
1090 1656 1206 1693 mortis,
1231 1656 1280 1695 qui
1305 1660 1375 1686 sunt
1397 1656 1529 1695 plurimi,
1554 1656 1698 1694 colligo.“

415 1717 464 1752 24,
489 1716 539 1744 24.
573 1714 774 1749 confirmabis
797 1713 939 1741 animum
966 1713 1011 1741 rel
1033 1713 1074 1741 ml
1095 1713 1201 1742 mortis
1226 1713 1271 1741 rel
1293 1713 1334 1741 ud
1358 1713 1435 1742 citae
1460 1713 1659 1749 patientiam.
1696 1715 1729 1742 at
1751 1714 1784 1743 in
1808 1716 1971 1750 utrumque
1992 1714 2139 1744 monendi
2161 1724 2199 1744 ac

249 1774 402 1812 firmandi
424 1780 543 1806 sunnis,
576 1772 603 1799 et
624 1780 663 1799 ne
687 1770 781 1799 nimis
805 1778 942 1799 amemus·
965 1768 1061 1798 vitani
1085 1770 1111 1797 et
1133 1778 1169 1798 nc
1193 1769 1286 1798 nimis
1308 1769 1472 1804 oderimus,
1504 1769 1595 1798 ellam
1618 1778 1684 1799 cum
1707 1770 1789 1799 ratio
1810 1769 1921 1799 suadet
1948 1769 2104 1806 finire:
2132 1770 2205 1801 sed

250 1840 313 1861 non
337 1832 447 1859 temere
471 1853 475 1857 .
503 1852 507 1856 .
537 1851 542 1855 .
571 1851 574 1855 .
601 1826 772 1863 capiendus
796 1825 950 1863 impetus]
1010 1825 1136 1862 Madvig
1159 1825 1265 1854 maluit
1308 1824 1351 1854 A!
1381 1825 1522 1862 (ὶιίιμιοὲ)
1555 1825 1589 1854 in
1621 1827 1783 1862 utrumqne
1812 1826 1959 1855 monendi
1984 1836 2020 1856 ac
2046 1826 2196 1863 firmandi

251 1895 370 1922 snmus,
403 1887 431 1914 et
452 1893 492 1913 ne
514 1893 545 1912 n.
571 1893 598 1911 u.
624 1892 651 1911 v.
676 1884 704 1910 et
725 1891 755 1910 n.
781 1891 811 1910 n.
836 1881 1014 1910 aderimus.-
1048 1881 1137 1910 elimn
1168 1891 1235 1910 cum
1272 1882 1351 1910 ratio
1382 1881 1490 1910 simulet
1519 1880 1655 1916 finire
1684 1890 1738 1917 sc,
1773 1891 1847 1911 non
1879 1885 1986 1912 temere
2007 1885 2058 1912 ete.
2105 1883 2202 1913 Recte

250 1944 337 1973 illum
360 1940 546 1971 sententiam
571 1938 714 1968 divisisse
738 1941 769 1967 et
792 1938 1018 1975 interpunxisse
1042 1940 1186 1975 apparet:
1223 1938 1275 1967 sed
1308 1937 1387 1975 quod
1419 1936 1577 1967 contendit
1605 1936 1699 1972 finire
1728 1947 1760 1966 se
1790 1938 1827 1968 de
1859 1939 2079 1969 consciscenda
2101 1943 2200 1970 morte

251 1999 343 2029 etiam
368 1997 450 2035 apud
476 1996 509 2025 L.
536 1997 571 2024 A.
597 1995 745 2024 Senecam
770 1993 840 2029 dici,
876 1993 906 2022 id
931 1993 1004 2022 mihi
1028 2002 1087 2022 non
1112 1994 1232 2023 videtur
1255 1993 1413 2030 probasse.
1458 1992 1521 2022 lam
1545 2001 1611 2022 cum
1635 1997 1706 2031 post
1729 1996 1891 2031 utrumqne
1913 1995 1951 2025 ab
1975 1995 2114 2026 omnibus
2137 1994 2201 2027 sere

250 2056 282 2085 ll.
299 2063 369 2084 mss.
387 2052 527 2090 exceptis
550 2061 569 2089 p
587 2054 617 2080 et
634 2050 657 2079 P
681 2050 814 2079 addatur
837 2049 919 2078 enini
943 2057 1038 2086 eaque
1062 2057 1094 2078 re
1117 2049 1277 2086 probabile
1301 2049 1448 2078 reddatur
1471 2048 1560 2086 plura
1583 2057 1672 2086 quam
1695 2058 1733 2078 sc
1756 2050 1915 2087 excidisse,
1940 2051 1985 2081 sic
2008 2051 2202 2082 scribendum

250 2119 318 2142 esse
342 2109 531 2148 putaverim:
577 2106 637 2137 Ad
667 2107 830 2142 atrumque
862 2105 941 2134 enim
975 2115 1053 2134 mon
1080 2115 1116 2134 m:
1138 2104 1161 2140 f.
1187 2115 1220 2140 ἡκ,
1246 2107 1273 2133 et
1296 2114 1324 2133 n.
1350 2114 1377 2133 η.
1403 2104 1568 2133 aderimus.
1628 2105 1738 2134 Etiam
1768 2115 1836 2135 enm
1866 2107 1944 2135 ratio
1966 2107 2077 2137 suadet
2096 2107 2196 2144 finire,

248 2169 355 2197 certe
378 2175 443 2194 non
466 2167 575 2194 temere
600 2187 606 2192 .
632 2187 636 2191 .
664 2187 668 2191 .
694 2161 868 2198 rapiendus
894 2161 1035 2198 impr‘tecs.

414 2223 464 2256 25,
491 2224 518 2251 5.
543 2220 597 2250 Sis>
619 2219 680 2255 suc,
707 2218 807 2255 inquit
831 2216 887 2256 [sc.
912 2216 1087 2256 Epicurus],
1119 2217 1223 2247 omnia
1247 2220 1404 2254 tamquam
1428 2218 1545 2254 spectat
1564 2216 1750 2257 Epicurus]
1796 2217 1854 2248 Pro
1877 2222 1962 2249 certo
1985 2217 2201 2250 affirmaverim

249 2290 316 2311 cum
340 2279 497 2309 veteribus
521 2275 726 2314 scriptoribus
750 2274 944 2303 scribendum
976 2282 1043 2303 esse
1073 2275 1189 2310 slim-tat
1218 2274 1350 2310 uliquis,
1387 2274 1516 2310 primum
1540 2274 1620 2311 quod
1644 2274 1807 2304 verisimile
1830 2283 1889 2304 non
1913 2279 1960 2305 est
1982 2275 2147 2313 Epicurum
2169 2276 2201 2306 iu

247 2339 345 2377 ipsius
369 2335 505 2375 epistula
527 2334 572 2363 ita
596 2341 651 2362 suo
675 2332 797 2361 nomine
821 2339 908 2360 usum
932 2338 1016 2367 esse,
1048 2329 1159 2360 deinde
1184 2330 1264 2368 quod
1287 2329 1451 2368 Epicurus
1483 2338 1591 2360 nomen
1622 2328 1713 2360 facile
1743 2334 1866 2369 poterat
1888 2339 1925 2361 ex
1948 2331 2200 2363 antecedentibus

247 2396 394 2433 irrepere,
419 2396 483 2422 tum
507 2390 590 2429 quod
613 2390 644 2418 in
668 2388 823 2417 sententia
846 2385 926 2416 infra
948 2395 1046 2424 prope
1070 2387 1178 2416 iisdem
1203 2386 1304 2416 verbis
1328 2387 1470 2424 repetita,
1495 2395 1553 2424 quo
1569 2395 1680 2423 genere
1707 2387 1821 2417 dictum
1837 2388 1961 2426 aliquod
1978 2388 2007 2418 in
2024 2389 2200 2420 memoriam

247 2450 409 2488 redigendi
433 2448 554 2478 Seneca
585 2445 708 2483 saepius
739 2447 862 2473 secutus
893 2446 940 2473 est
972 2442 1013 2481 (v.
1037 2441 1117 2472 infra
1142 2443 1159 2472 6
1183 2446 1214 2472 et
1238 2444 1266 2472 7.
1291 2443 1339 2479 26,
1364 2443 1382 2473 8
1407 2446 1437 2472 et
1463 2443 1499 2473 10
1523 2441 1562 2473 cf.
1586 2443 1635 2479 21,
1660 2443 1678 2472 7
1702 2446 1730 2473 et
1755 2444 1797 2482 6),
1821 2444 1967 2482 scriptum
1997 2447 2045 2475 est
2073 2445 2205 2483 aliquis,

245 2508 379 2546 (lenique
403 2505 486 2544 quod
510 2503 603 2534 etiam
627 2502 657 2531 in
681 2500 838 2531 simillima
860 2499 1014 2529 sententia
1038 2500 1065 2535 6,
1091 2499 1108 2528 8
1133 2499 1206 2529 item
1229 2499 1348 2537 aliquis
1372 2499 1532 2529 invenitur.
1577 2500 1623 2529 Ac
1646 2507 1683 2529 ue
1706 2499 1781 2530 illud
1811 2500 1932 2539 quidem
1964 2502 2123 2540 quisquam
2145 2510 2199 2532 au-

245 2564 332 2595 debit
354 2561 492 2596 infitiari,
518 2560 543 2589 si
568 2558 722 2588 scribatur
748 2556 907 2594 „aliquis‘²,
932 2556 1102 2585 orationem
1127 2564 1186 2585 non
1210 2559 1293 2585 recte
1317 2556 1495 2593 procedere,
1520 2556 1573 2585 sed
1597 2556 1636 2586 ad
1660 2556 1747 2585 initia
1769 2558 1900 2587 revolvi:
1937 2566 2006 2588 nam
2029 2558 2121 2589 etiam
2144 2559 2198 2589 liic

246 2618 500 2658 amplificatione,
525 2624 615 2653 quam
640 2612 767 2650 figuram
791 2612 899 2641 mirum
924 2614 1068 2649 quantum
1094 2611 1211 2641 Seneca
1234 2611 1399 2648 adamavit,
1423 2611 1527 2641 utitur.

409 2735 444 2769 ἴτ’)
466 2734 551 2762 Obss.
572 2732 649 2760 critt.
672 2731 701 2758 in
723 2730 754 2757 L.
777 2729 840 2756 Anu
873 2729 939 2755 Son.
963 2728 1059 2756 Berol.
1084 2729 1165 2755 1865.
1187 2738 1216 2763 p,
1241 2729 1284 2755 14.
