2383 3039
333 924 435 969 Uni-as
459 940 606 977 quasdam
629 941 812 968 Annaeanas
834 938 915 976 quod
937 938 1051 976 publici
1074 938 1148 967 iuris
1171 936 1308 967 facturus
1329 945 1404 973 sum,
1427 944 1486 966 non
1509 944 1556 966 me
1579 935 1657 973 fugit
1678 939 1750 966 ante
1774 936 1876 966 omnia
1898 937 2018 968 veniam
2042 947 2111 970 esse

169 996 333 1033 petendam
357 995 421 1025 eius
451 995 532 1033 quod
562 994 707 1034 opusculo
738 994 835 1024 indidi
865 993 1005 1024 nominis.
1050 992 1138 1031 Quod
1169 1001 1236 1023 cum
1263 996 1326 1023 tam
1355 992 1417 1022 late
1446 994 1568 1030 pateat,
1602 995 1637 1022 ut
1666 992 1747 1023 iusto
1779 993 1845 1023 iure
1875 994 1977 1032 possis
2000 999 2111 1034 putare

171 1050 369 1088 inscriptione
398 1050 453 1079 illa
483 1050 699 1088 comprehendi
730 1051 847 1086 studia,
879 1057 956 1086 quae
987 1052 1017 1078 et
1046 1049 1076 1078 in
1106 1049 1241 1078 rhetoris
1268 1052 1300 1077 et
1328 1048 1359 1077 in
1388 1052 1500 1085 poetae
1530 1052 1561 1077 et
1590 1048 1620 1077 in
1649 1048 1825 1086 philosophi
1855 1049 1994 1081 Senecae
2023 1053 2111 1084 libris

170 1109 347 1143 versentur,
371 1106 403 1135 id
426 1107 505 1144 quod
530 1106 588 1135 iam
614 1115 650 1136 ex
674 1114 721 1135 me
744 1106 914 1144 quaesitum
938 1108 994 1140 est,
1018 1104 1077 1134 hac
1100 1108 1182 1134 certe
1206 1104 1327 1141 quidem
1349 1103 1448 1141 prima
1469 1106 1558 1141 parte
1580 1103 1621 1132 nil
1645 1103 1728 1135 aliud
1750 1105 1888 1135 conabor
1910 1107 1970 1137 nisi
1991 1108 2112 1147 aliquot

170 1162 254 1191 locos
279 1165 332 1191 aut
354 1170 535 1200 percensere
559 1166 612 1191 aut
635 1163 797 1192 emendare.
821 1161 1020 1199 epistularum
1047 1161 1147 1190 1—29
1172 1160 1307 1190 Senecae
1329 1159 1521 1198 philosophi,
1556 1168 1632 1198 quas
1654 1160 1776 1198 quidem
1807 1162 1956 1200 epistulas
1987 1169 2112 1197 constat

169 1218 302 1247 omnium
325 1218 456 1248 maxime
480 1221 510 1247 et
533 1218 623 1248 rebus
647 1221 677 1248 et
701 1217 801 1248 forma
822 1218 903 1247 inter
925 1225 958 1247 se
981 1224 1147 1254 congruere
1171 1224 1268 1254 eaque
1289 1215 1337 1246 vel
1359 1224 1419 1245 una
1441 1224 1474 1246 re
1496 1215 1535 1246 ab
1558 1216 1669 1246 ceteris
1691 1216 1829 1255 differre,
1865 1220 1947 1257 quod
1970 1221 2021 1251 uni
2045 1220 2111 1253 fere

170 1274 277 1311 cuique
301 1282 404 1304 earum
421 1275 446 1312 ¹)
469 1274 711 1304 additamentum
734 1274 859 1311 aliquod
881 1273 929 1302 vel
952 1272 1160 1302 munusculum
1183 1272 1260 1302 alius
1282 1272 1437 1302 cuiusdam
1463 1271 1640 1310 philosophi
1666 1273 1857 1312 maximeque
1873 1274 2000 1314 Epicuri
2016 1279 2111 1309 verbo

168 1331 215 1360 vel
239 1331 376 1368 pluribus
399 1330 499 1360 verbis
523 1333 662 1359 ornatum
686 1330 826 1367 adicitur,
851 1329 1023 1367 addamque
1045 1336 1216 1367 perpaucas
1239 1337 1276 1358 ex
1298 1328 1360 1358 illis
1383 1328 1531 1367 epistulas
1553 1328 1583 1358 in
1607 1332 1742 1359 nostrum
1758 1338 1928 1362 sermonem
1945 1341 2111 1366 conversas

168 1386 406 1424 explicatasque.
453 1385 529 1415 Nam
554 1394 621 1415 cum
644 1385 718 1415 mihi
735 1394 912 1424 persuasum
939 1385 980 1415 sit
1002 1385 1087 1414 iniis
1102 1384 1417 1421 commentationibus,
1441 1392 1519 1422 quae
1533 1386 1769 1422 programmatis
1784 1386 1925 1418 ludorum
1941 1391 2111 1428 superioris

167 1442 282 1471 ordinis
306 1442 430 1479 adiungi
461 1441 576 1478 solent,
613 1450 702 1479 quam
732 1442 863 1471 maxime
892 1442 924 1471 id
955 1441 1156 1479 spectandum
1186 1449 1271 1477 esse,
1306 1445 1340 1471 ut
1362 1445 1393 1471 et
1415 1449 1451 1471 ex
1475 1441 1646 1471 litterarum
1668 1440 1803 1472 fontibus
1826 1443 1968 1475 haustum
1991 1447 2111 1485 aliquid

167 1497 338 1527 hominibus
361 1498 462 1527 doctis
484 1502 676 1535 proponatur
698 1502 728 1527 et
751 1506 916 1536 permagno
940 1498 968 1527 ei
990 1505 1132 1534 numero,
1167 1506 1294 1534 quorum
1316 1497 1387 1527 illos
1408 1497 1497 1527 ludos
1527 1497 1697 1527 litterarum
1727 1499 1837 1529 studiis
1860 1498 1970 1531 florere
1993 1502 2111 1541 aliquid

166 1553 309 1589 interest,
342 1553 456 1582 stimuli
486 1553 525 1582 ad
557 1554 689 1590 optimas
719 1558 801 1583 artes
832 1554 931 1590 magni
964 1552 1121 1582 faciendas
1152 1553 1356 1590 colendasque
1386 1553 1622 1589 admoveantur,
1656 1553 1799 1590 quoniam
1821 1556 1975 1586 nonnullis
1998 1558 2112 1589 abhinc

166 1609 254 1640 annis
277 1609 377 1640 denuo
400 1609 430 1639 in
455 1608 590 1640 Senecae
613 1609 841 1649 philosophiam
864 1609 958 1640 incidi
980 1609 1026 1639 vel
1050 1609 1135 1648 prius
1157 1616 1176 1639 a
1197 1616 1245 1639 me
1268 1608 1428 1646 dilectam,
1456 1608 1570 1648 optime
1593 1617 1641 1639 me
1664 1608 1815 1640 facturum
1838 1618 1907 1641 esse
1929 1614 2053 1652 putavi,
2085 1616 2111 1646 si

166 1664 268 1696 officio
291 1673 359 1696 meo
382 1665 426 1695 ita
449 1664 669 1703 satisfacerem,
694 1669 726 1695 ut
750 1669 780 1696 et
803 1666 903 1696 verbis
927 1665 1126 1704 epistularum
1150 1663 1286 1694 Senecae
1308 1665 1482 1694 accuratius
1504 1666 1673 1703 perpensis,
1698 1666 1769 1702 quid
1792 1667 1911 1704 aliquot
1932 1669 2011 1699 locis
2035 1672 2111 1700 scri-

164 1722 295 1751 bendum
321 1726 419 1757 esset,
444 1722 542 1750 doctis
567 1730 696 1750 conarer
718 1723 865 1759 probare,
901 1725 932 1750 et
954 1722 1191 1757 ingeniosissimi
1213 1722 1295 1750 illius
1317 1722 1493 1759 philosophi
1516 1723 1677 1752 sententiis
1699 1723 1730 1752 in
1753 1723 1909 1754 hominum
1932 1728 2112 1758 memoriam

165 1777 302 1808 redactis
326 1776 546 1816 significarem,
578 1780 722 1816 quantum
746 1787 781 1807 ex
814 1778 879 1808 eius
910 1776 1062 1816 sapientia
1092 1775 1222 1807 fructum
1253 1776 1455 1808 communium
1484 1772 1656 1808 litterarum
1679 1781 1711 1809 et
1732 1778 1887 1818 politioris
1910 1780 2114 1816 humanitatis

165 1835 294 1863 studiosi
317 1835 477 1872 percipere
499 1835 628 1872 possint.
684 1835 781 1871 Quam
811 1843 873 1864 rem
905 1843 964 1871 quo
994 1834 1121 1871 aequius
1151 1842 1235 1863 suum
1266 1835 1374 1871 cuique
1404 1835 1568 1865 tribuendo
1597 1835 1806 1874 absolverem,
1841 1838 1872 1867 in
1894 1840 2000 1877 priore
2022 1841 2113 1872 huius

164 1890 445 1929 disputatiunculae
467 1894 555 1929 parte
572 1899 711 1920 sermone
726 1890 831 1927 latino,
856 1893 961 1920 nostro
984 1889 1015 1918 in
1037 1889 1209 1927 posteriore
1232 1890 1377 1920 utendum
1400 1898 1468 1920 esse
1491 1890 1607 1929 putavi.
1652 1891 1741 1929 Quod
1758 1892 1860 1923 sinon
1876 1892 2113 1927 reformidarem

164 1946 408 1984 sesquipedalem
438 1947 598 1976 verborum
630 1947 805 1983 circuitum,
840 1949 979 1984 poteram
1011 1945 1119 1975 saltem
1154 1946 1327 1975 accuratius
1360 1946 1528 1977 inscribere
1561 1947 1809 1984 „Adnotationes
1842 1950 1971 1981 criticae
2004 1953 2045 1983 ad
2075 1953 2112 1984 L.

164 2003 282 2032 Annaei
307 2003 443 2032 Senecae
467 2003 615 2041 epistulas
638 2002 785 2032 XXVIlII
815 2002 935 2040 priores
957 2001 1080 2031 adiecta
1102 2001 1314 2031 nonnullarum
1337 2000 1536 2033 conversione
1559 2006 1591 2033 et
1613 2002 1852 2042 explicatione“.
1908 2006 1986 2037 Sunt
2008 2011 2112 2040 tamen

165 2067 220 2088 sna
243 2059 338 2088 etiam
361 2058 505 2089 brevitati
527 2058 602 2094 iura,
627 2058 735 2095 quibus
759 2058 809 2095 qui
831 2060 936 2087 utatur
957 2064 1025 2086 eum
1047 2065 1107 2086 non
1130 2056 1244 2086 frustra
1265 2057 1386 2087 veniam
1407 2058 1574 2096 petiturum
1597 2067 1700 2098 spero.

325 2115 432 2152 Neque
455 2123 527 2144 vero
551 2114 581 2144 in
604 2117 687 2144 metu
710 2112 769 2151 fui,
805 2122 842 2143 ne
872 2116 973 2143 actam
1002 2120 1066 2142 rem
1096 2121 1217 2150 agerem
1246 2111 1395 2144 fluctusve
1425 2113 1593 2145 excitarem
1622 2114 1653 2145 in
1684 2115 1827 2155 simpulo.
1871 2116 2005 2150 Primum
2028 2121 2109 2152 enim

165 2180 231 2202 cum
255 2172 358 2201 inultis
381 2170 489 2208 rebus,
524 2178 601 2208 quae
625 2170 664 2200 ad
689 2169 824 2200 Senecae
846 2168 1072 2209 philosophiam
1094 2168 1265 2208 pertinent,
1298 2177 1396 2208 nuper
1422 2169 1601 2202 felicissime
1623 2179 1720 2210 opera
1743 2172 1784 2203 sit
1805 2177 1919 2204 navata
1933 2175 1959 2214 Ξ)
1983 2184 2113 2216 cumque

164 2229 216 2257 alii
242 2229 378 2258 Senecae
401 2226 577 2265 philosophi
600 2226 670 2256 libri
693 2227 865 2264 nuperrime
888 2226 1074 2262 elegantiore
1101 2229 1133 2255 et
1155 2226 1364 2256 emendatiore
1387 2226 1486 2257 forma
1515 2228 1578 2257 sint
1607 2228 1684 2258 editi
1715 2237 1752 2259 ac
1774 2229 1890 2267 dialogi
1914 2232 2037 2269 quidem
2059 2235 2113 2271 qui

164 2285 307 2314 dicuntur
329 2283 448 2313 duabus
472 2282 657 2313 editionibus
681 2282 878 2320 (curaverunt
901 2281 1124 2313 Koch-Vahlen
1146 2285 1177 2312 et
1199 2281 1323 2322 Gertz),
1356 2283 1387 2313 in
1409 2283 1612 2322 epistularum
1633 2284 1737 2316 verbis
1760 2284 1861 2317 adhuc
1883 2284 1949 2318 fere
1972 2287 2113 2321 Fickerti

163 2346 194 2371 et
217 2341 323 2371 Haasii
348 2341 379 2371 in
402 2348 496 2379 opera
519 2339 660 2370 standum
684 2342 746 2377 est,
781 2339 831 2377 qui
855 2347 945 2378 quam
967 2338 1063 2370 multa
1092 2338 1273 2377 corrigenda
1302 2338 1498 2378 reliquerint,
1533 2340 1685 2371 neminem
1708 2339 1822 2380 fugiet,
1856 2342 1908 2381 qui
1930 2342 1986 2374 illa
2007 2346 2114 2378 studia

163 2397 320 2435 amplexus
344 2396 411 2426 erit.
457 2396 565 2434 Itaque
588 2395 687 2426 donec
709 2396 754 2432 is,
786 2396 836 2433 qui
867 2395 996 2426 eruditis
1026 2395 1190 2433 aliquando
1221 2395 1282 2424 iam
1311 2398 1432 2432 gustum
1462 2396 1549 2426 dedit
1577 2397 1785 2435 peritissimae
1808 2402 1840 2428 et
1862 2399 2112 2437 elegantissimae

276 2512 279 2515 ,
329 2484 352 2520 “)
373 2484 509 2518 Martens,
539 2484 574 2511 de
593 2485 625 2511 L.
647 2484 757 2511 Annaei
777 2484 906 2511 Senecae
926 2483 994 2519 vita,
1024 2483 1093 2511 dicit
1112 2483 1156 2519 (p.
1171 2482 1225 2518 49)
1246 2486 1305 2511 tres
1325 2484 1463 2520 epistulas
1483 2485 1509 2519 1,
1530 2486 1555 2519 3,
1575 2486 1603 2520 9,
1634 2485 1821 2521 excipiendas
1840 2496 1914 2516 esse.
1965 2488 2022 2517 Sed
2042 2499 2110 2519 vere

162 2538 240 2564 nulla
260 2538 316 2563 nisi
336 2538 429 2571 prima
447 2536 572 2570 epistula
592 2536 762 2571 excipienda
781 2542 833 2564 est.
882 2535 955 2562 Nam
975 2535 1080 2562 tertiae
1099 2535 1252 2571 Pomponii
1271 2545 1369 2563 versus
1388 2545 1440 2572 pro
1461 2536 1629 2565 munusculo
1651 2537 1744 2566 additi
1762 2543 1837 2574 aunt,
1855 2549 1950 2569 nonae
1971 2541 2113 2572 Stilbonis

161 2587 232 2615 illud
261 2586 365 2617 Omnia
389 2596 452 2615 mea
477 2595 587 2615 mecum
611 2590 693 2620 sunt,
718 2586 752 2614 ad
774 2586 850 2621 quod
871 2587 957 2613 etiam
979 2587 1099 2614 aliorum
1119 2586 1279 2614 sententiae
1300 2586 1408 2615 similes
1428 2587 1575 2617 accedunt.
1597 2603 1635 2609 —
1665 2588 1691 2624 ²)
1710 2589 1736 2617 A
1756 2590 1836 2618 nullo
1856 2590 1918 2619 fere
1937 2593 2039 2621 melius
2057 2595 2113 2623 hoc

162 2642 269 2671 sactum
289 2640 449 2676 putaverim
470 2648 554 2674 quam
575 2641 610 2667 ab
625 2639 671 2667 Fr.
689 2639 865 2666 Schultessio
887 2638 946 2674 [De
958 2638 990 2666 L.
1003 2639 1077 2667 Anu.
1090 2640 1216 2667 Senecae
1237 2640 1451 2673 quaestionibus
1471 2640 1648 2668 naturalibus
1667 2644 1699 2668 et
1717 2641 1859 2677 epistulis.
1878 2642 1998 2673 Bona-e
2012 2647 2112 2682 1872),

163 2694 212 2725 qni
234 2696 371 2726 qnantum
392 2692 464 2719 lueis
485 2691 699 2725 quaestionibus
717 2692 752 2719 de
772 2691 872 2719 ordine
893 2695 979 2725 atque
999 2696 1127 2726 tempore
1147 2690 1261 2719 illorum
1277 2690 1413 2720 librorum
1438 2692 1548 2721 obortis
1575 2692 1705 2722 attulerit
1729 2693 1816 2723 doleo
1841 2704 2021 2732 nequaquam
2042 2699 2113 2728 ntis

162 2753 226 2770 esse
247 2744 401 2777 «cgnitum.
