2383 3039
252 149 427 180 accuratius
450 148 524 179 velit
545 146 745 184 intellegere,
782 146 928 185 inspiciat
950 146 1114 178 observata
1135 151 1165 178 et
1188 156 1207 179 a
1230 148 1376 179 Fickerto
1407 153 1436 178 et
1460 157 1478 177 a
1501 148 1648 179 Richtero
1665 149 1700 188 ¹).
1745 149 1850 179 wer-tit
1871 149 1979 179 maluit
2000 148 2128 187 Madvig
2150 149 2205 188 (11,

250 206 328 246 462)
352 213 442 245 quam
465 203 568 241 certit,
602 201 715 232 iniuria
738 201 795 232 ille
818 202 956 240 quidem,
987 203 1069 241 quod
1093 203 1210 234 Seneca
1233 205 1308 235 dicit
1330 204 1484 235 fortunam
1507 214 1568 234 non
1590 209 1710 234 tantum
1733 205 1815 234 vitae
1839 207 2045 236 conditionem
2069 209 2204 238 virorum

253 262 449 294 eminentium
464 263 592 297 mutare,
616 259 671 289 sed
694 260 792 289 etiam
814 258 978 297 profligare
1001 269 1064 290 eos.
1108 264 1237 292 cernuat
1251 263 1337 292 multi
1355 263 1526 298 voluerunt,
1550 265 1584 290 ut
1600 262 1737 291 nonnulli
1753 262 1835 300 apud
1852 262 2040 301 Fickertum,
2064 265 2202 302 Richter,

252 320 375 357 Haupt,
409 317 551 353 Madvig,
585 324 623 346 ne
647 315 705 346 hoc
731 316 855 354 quidem
878 319 978 353 recte,
1015 326 1083 346 cum
1107 326 1254 348 cernuare
1277 319 1417 348 videatur
1439 327 1507 349 esse
1530 318 1655 348 verbum
1678 315 1923 357 intransitivum,
1957 323 1990 350 ut
2012 321 2114 352 omnia
2136 320 2202 353 fere

252 375 347 405 verba
369 373 514 403 exeuntia
535 373 566 403 in
588 390 628 394 —-
650 381 740 409 uate,
772 373 952 409 ceo-nazara,
983 382 1154 411 quanquam
1177 378 1224 404 est
1248 372 1338 408 ἅπαξ
1360 376 1530 414 εἰρημένον
1553 392 1592 397 -
1616 375 1721 413 quidni
1745 374 1808 405 sit?
1839 393 1875 397 ——
1908 380 2032 416 poterat
2060 379 2130 410 duci
2162 379 2201 410 ab

252 430 408 460 adiectivo
430 430 572 460 cernulus
595 428 721 468 (Appul.
744 433 866 459 metam.
891 432 918 465 9,
944 428 997 467 38)
1021 433 1052 458 et
1076 429 1114 459 ob
1138 440 1205 460 eam
1229 440 1351 461 causam
1374 430 1533 470 praeferri,
1558 432 1640 468 quod
1663 432 1692 461 vi
1715 435 1764 461 est
1785 433 1883 469 magis
1906 435 2078 465 transitiva.

414 487 442 524 8,
468 488 516 517 10.
539 488 622 517 Hoc
643 497 690 518 no
706 497 726 516 a
752 488 902 526 imputo
925 488 968 516 in
989 488 1168 517 solatum
1193 488 1237 517 de
1260 490 1325 517 tuo
1349 487 1450 526 tibi]
1497 488 1565 517 Non
1589 488 1728 518 omnibus
1751 488 1829 517 haec
1851 489 1944 519 lectio
1966 491 2087 522 videtur
2109 493 2200 523 satis-

252 542 373 573 fecisse.
417 542 545 573 Fickert
566 544 646 573 enim
669 544 783 582 aliique
806 544 851 573 sic
873 544 1026 574 scribunt:
1063 544 1130 573 Hoc
1151 553 1215 572 mm
1238 544 1352 580 inaepido
1377 544 1407 573 in
1430 544 1583 579 solatum,
1608 544 1645 573 de
1668 546 1719 574 tuo
1743 544 1815 580 tibi,
1845 545 1892 574 vel
1916 545 2075 585 similiter,
2098 552 2131 578 ut
2154 549 2199 578 in-

253 599 357 629 dicent
379 599 415 630 de
436 600 487 629 tuo
511 599 568 629 tibi
589 609 649 629 non
672 600 807 638 pendere
830 608 866 629 ex
889 600 1033 629 solutam,
1090 599 1202 629 Gruter
1231 603 1331 629 autem
1363 600 1494 629 coniecit
1523 600 1633 629 ultima
1664 600 1760 630 verba
1790 601 1834 630 sic
1865 603 2012 633 mutanda
2041 612 2126 633 esse:
2161 605 2199 634 do

251 658 342 686 tuum
364 655 432 686 tibi.
477 655 653 693 Legendum
676 664 743 686 esse
781 659 854 694 puto
899 655 965 685 Hoc
993 664 1057 685 non
1087 655 1204 693 imputo
1234 655 1366 685 solatum
1400 656 1435 685 dc
1465 657 1516 685 tao
1539 656 1605 685 te'bi.
1652 654 1771 686 Seneca
1793 657 1869 687 dicit
1892 666 1924 688 se
1949 658 2059 689 Lucilii
2083 668 2198 698 versus,

254 712 307 749 qui
329 712 533 749 antecedunt,
563 712 646 742 nolle
676 712 707 742 in
739 712 862 742 debitae
885 711 1077 742 mercedulae
1099 712 1357 748 loco-numerare,
1392 712 1534 749 quoniam
1557 712 1595 741 de
1619 712 1687 750 ipsa
1712 712 1823 743 Lucilii
1847 715 1938 753 copia
1960 716 2022 746 sint
2037 717 2198 754 persoluti.

256 767 384 798 Fesellit
412 776 482 805 eos,
522 769 573 806 qui
597 768 733 799 Senecae
755 768 851 798 libros
874 768 1050 804 ediderunt,
1085 777 1231 805 nusquam
1265 767 1328 797 fere
1363 768 1419 797 nisi
1455 768 1485 797 in
1519 768 1655 804 Digestis
1688 769 1834 807 scriptum
1869 779 1937 802 esse
1974 773 2144 811 „imputare
2167 775 2197 805 in

254 825 389 862 aliquam
412 826 495 855 rem“
521 825 605 855 velut
626 826 657 855 in
681 829 820 864 quartam
843 828 963 863 partem
985 824 1165 854 hereditatis
1189 824 1272 863 (Ulp.
1290 826 1334 861 17,
1354 825 1380 861 2,
1408 825 1460 863 52)
1485 827 1591 855 contra
1614 825 1782 856 sescenties
1811 827 1841 857 in
1871 832 2019 866 argentea
2041 829 2198 862 latinitate

254 880 398 911 absolute
428 880 504 911 illud
534 880 659 911 verbum
687 880 837 919 usurpari,
869 888 928 918 qua
957 880 995 910 de
1028 889 1060 909 re
1084 889 1141 910 non
1165 888 1262 918 pauca
1285 881 1444 910 adnotavit.
1468 881 1604 917 Draeger
1626 882 1664 911 ad
1688 883 1759 911 Tac.
1783 883 1863 913 Hist.
1889 886 1915 919 1,
1941 887 1990 915 38.
2015 888 2042 923 3,
2067 888 2116 916 86.
2142 887 2196 925 (cf.

256 937 442 975 interpretes
463 937 504 966 ad
526 936 631 967 Germ.
657 939 683 974 1,
708 937 772 976 21.)
819 936 985 966 Praeterea
1017 937 1047 965 in
1081 941 1206 974 recepta
1239 937 1369 966 lectione
1403 946 1461 966 non
1496 937 1572 966 satis
1594 937 1812 974 intelleguntur
1836 940 1893 976 „de
1916 944 1969 971 tuo
1992 943 2081 973 tibi“.
2126 943 2196 974 Non

255 996 386 1032 possunt
408 993 488 1022 enim
511 993 667 1031 pertinere
690 993 729 1023 ad
752 993 895 1028 solutam,
925 993 1006 1030 quod
1030 993 1148 1022 Seneca
1171 996 1233 1021 tuin
1256 994 1370 1022 diceret
1408 993 1492 1029 „Hoc
1515 1001 1573 1022 non
1597 1001 1653 1030 pro
1676 995 1852 1025 mercedula
1874 996 1912 1026 de
1936 1001 1989 1028 tuo
2013 999 2069 1029 tibi
2094 999 2197 1030 soluta

255 1049 386 1085 habeo“,
417 1049 449 1079 id
472 1049 553 1087 quod
576 1049 713 1087 ineptum
736 1052 793 1079 est.
837 1049 943 1086 Neque
967 1049 1057 1078 aliter
1079 1057 1111 1078 sc
1134 1049 1254 1085 lrabeat,
1279 1049 1302 1079 si
1326 1048 1553 1087 pronominibus
1577 1048 1637 1078 illis
1659 1048 1834 1088 praefracte
1857 1052 2020 1085 disiunctis
2043 1055 2196 1095 iuterpre-

257 1105 317 1135 tari
340 1104 468 1135 velimus
491 1105 581 1142 „Hoc
603 1105 660 1136 tibi
684 1114 744 1135 non
767 1105 885 1143 imputo
908 1108 941 1135 nt
963 1104 1166 1135 mercedulam
1191 1105 1228 1134 de
1251 1108 1302 1134 tuo
1327 1105 1488 1133 solutam“.
1539 1104 1602 1133 Iam
1634 1113 1700 1134 curn
1731 1105 1807 1136 haec
1836 1108 1874 1137 de
1902 1111 1954 1139 tao
1984 1120 2045 1140 non
2074 1113 2197 1150 possint

254 1161 411 1200 pertinere
434 1161 474 1191 ad
497 1170 561 1191 non
583 1161 711 1199 imputo,
744 1161 818 1191 nihil
841 1165 954 1198 restat,
988 1161 1044 1190 nisi
1068 1164 1100 1189 ut
1122 1160 1298 1190 Fickertnm
1323 1161 1417 1189 secuti
1441 1160 1493 1189 illa
1515 1160 1608 1189 verba
1630 1161 1666 1190 dc
1689 1163 1739 1190 iao
1762 1163 1820 1192 tibi
1841 1166 1928 1202 quasi
1951 1168 2102 1197 enuntiati
2126 1169 2196 1199 loco

258 1217 435 1254 babeamus,
460 1220 494 1247 ut
508 1218 632 1247 valeant
655 1218 817 1256 „quoniam
840 1218 878 1248 de
901 1221 953 1247 tuo
977 1217 1032 1246 tibi
1056 1217 1158 1246 datum
1183 1218 1259 1246 esst.
1305 1217 1392 1253 Quod
1408 1216 1458 1254 qui
1475 1217 1586 1253 volunt,
1607 1217 1740 1255 videant,
1764 1219 1789 1248 si
1813 1220 1846 1249 in
1862 1222 2033 1253 retineatur
2048 1226 2195 1261 quemad-

261 1274 385 1304 modum
408 1274 468 1304 arti
490 1274 709 1311 grammaticae
733 1273 943 1304 satisfaciant:
968 1274 1116 1310 equidem,
1141 1274 1191 1309 qui
1218 1273 1279 1308 fiat,
1304 1281 1361 1301 non
1389 1273 1486 1310 capio.
1530 1274 1571 1302 At
1597 1272 1741 1304 facillime
1768 1285 1823 1313 per
1837 1277 2092 1317 dittographiam,
2116 1290 2195 1318 quae

261 1330 440 1369 saepissime
463 1331 616 1360 invenitur
637 1331 668 1360 in
692 1329 829 1359 Senecae
852 1330 1009 1360 codicibus
1032 1339 1067 1359 ex
1092 1330 1205 1366 inqiut«)
1229 1329 1326 1367 potuit
1350 1329 1417 1358 clici
1441 1329 1598 1360 abundans
1625 1330 1696 1366 „in“
1723 1334 1924 1372 praepositio,
1959 1337 2142 1373 praesertim
2169 1338 2196 1368 si

254 1388 325 1425 quis
342 1388 485 1417 librarius
509 1387 585 1416 iuris
607 1388 775 1425 peritorum
798 1387 882 1417 illam
905 1387 1088 1416 locutionem
1111 1387 1256 1416 memoria
1278 1386 1384 1416 tenuit.

417 1444 445 1480 9,
469 1444 497 1472 2.
521 1443 562 1473 In
585 1444 816 1482 ambiguitatem
841 1443 1036 1472 incidendam
1061 1445 1111 1477 est,
1135 1443 1163 1472 si
1185 1443 1351 1479 caprc'mere
1374 1443 1525 1479 astathian
1551 1452 1613 1472 uno
1628 1444 1717 1474 Terbo
1740 1445 1815 1475 cito
1840 1446 2054 1489 colaerimus]
2079 1450 2196 1482 Dubito

255 1509 294 1530 an
311 1503 396 1530 recto
414 1500 479 1530 talo
496 1509 555 1530 non
572 1503 633 1530 stet
649 1501 717 1530 cito.
761 1500 840 1530 Nam
863 1500 901 1529 de
925 1500 1065 1529 celeriter
1087 1500 1234 1529 vertendo
1257 1499 1404 1529 vocabulo
1429 1498 1477 1528 vix
1500 1502 1624 1537 poterat
1646 1500 1705 1537 agi.
1748 1500 1861 1532 Nescio
1884 1506 1997 1542 tamen,
2026 1506 2100 1544 quid
2123 1516 2196 1546 pro·

255 1565 386 1594 ponam:
421 1556 549 1592 fortuito
571 1557 620 1586 vel
643 1560 752 1587 temere
775 1560 858 1586 certe
881 1557 919 1586 ad
942 1557 1123 1585 sententiam
1148 1556 1261 1593 optime
1284 1559 1331 1584 est
1354 1556 1632 1593 accommodatum,
1666 1557 1719 1586 sed
1741 1557 1830 1588 nimis
1852 1559 1950 1590 distat
1972 1561 2010 1591 ab
2035 1571 2088 1600 eo,
2113 1564 2197 1601 quod

252 1613 285 1643 in
307 1612 340 1642 ll.
362 1621 434 1643 mss.
459 1615 514 1642 est.
560 1612 661 1650 Magis
684 1613 821 1651 placeret
842 1612 980 1648 strictim,
1006 1612 1030 1640 si
1053 1612 1247 1640 Aunaeanum
1271 1619 1338 1639 esse
1361 1615 1466 1648 posset
1488 1612 1599 1648 putari.

417 1669 444 1706 9,
471 1669 519 1699 12.
545 1667 633 1705 „Non
652 1669 766 1708 aqitecr,
793 1668 907 1706 inquis,
930 1677 1016 1698 nunc
1038 1668 1072 1697 de
1095 1667 1158 1702 hoc,
1182 1676 1222 1696 an
1246 1667 1384 1695 (sollicitat
1401 1669 1530 1704 propter
1551 1676 1583 1697 se
1607 1669 1702 1705 ips-am
1721 1672 1892 1706 appetenda
1907 1673 1976 1705 siff‘,
2002 1674 2102 1704 Immo
2126 1685 2197 1705 rep-0

257 1727 339 1756 nihil
359 1726 462 1763 maqis
477 1725 681 1761 probandum
703 1728 753 1754 est.
788 1734 863 1753 neem
885 1725 914 1753 si
930 1726 1059 1761 propter
1081 1733 1113 1753 se
1137 1724 1232 1760 ipsam
1257 1724 1421 1759 ‹nepetenda
1445 1726 1501 1758 cst,
1520 1727 1620 1760 potest
1641 1726 1683 1754 ad
1706 1726 1792 1755 illam
1814 1729 1973 1764 accedere,
1997 1732 2053 1768 qui
2074 1741 2106 1761 se
2129 1733 2196 1770 ipso

259 1783 416 1812 content-us
439 1779 505 1819 est]
550 1780 601 1810 Sic
623 1780 741 1815 Haase,
778 1788 865 1816 quem
888 1779 1015 1815 Madvig
1038 1779 1089 1816 (Il,
1114 1780 1187 1816 463)
1211 1780 1275 1808 iure
1298 1779 1511 1816 reprehendit,
1549 1781 1630 1816 quod
1662 1781 1905 1818 supplementum
1938 1785 1978 1814 sit
2008 1791 2133 1817 secutus
2156 1789 2196 1819 ab

256 1838 424 1877 Opsopoeo
447 1836 589 1875 positum,
625 1836 709 1865 cuius
732 1835 891 1872 vestigium
914 1835 944 1864 in
967 1844 1026 1865 uno
1050 1838 1165 1864 tantum
1191 1834 1296 1864 codice
1320 1839 1458 1873 apparet.
1504 1835 1564 1865 Sed
1587 1844 1665 1873 quae
1688 1836 1754 1874 ipse
1777 1840 1939 1877 proposuit
1962 1840 2091 1880 Madvig
2123 1843 2198 1874 Non

252 1894 361 1934 ayitar
384 1917 391 1924 .
416 1918 421 1923 .
447 1916 454 1924 .
479 1893 581 1930 ipsam
603 1891 769 1930 expetenda
790 1891 844 1926 sit,
880 1891 934 1920 sed
956 1891 1096 1928 possitne
1126 1891 1167 1919 ad
1188 1899 1252 1919 eam
1276 1891 1403 1928 sapiens
1427 1891 1574 1920 accedere.
1618 1891 1686 1921 Imo
1710 1893 1836 1930 (alitur,-
1868 1904 1942 1925 nam
1967 1897 1996 1925 si
2012 1901 2143 1936 propter
2164 1909 2197 1929 se

251 1951 355 1989 ipsam
378 1948 546 1987 coepctcnda
568 1950 626 1984 est,
654 1949 755 1985 potest
776 1948 818 1977 ad
840 1947 927 1976 illam
950 1947 1106 1981 accedere,
1142 1947 1195 1982 qai
1218 1955 1279 1983 sq.,
1311 1956 1347 1975 ca
1371 1956 1429 1975 non
1453 1947 1549 1976 minus
1573 1956 1662 1984 quam
1688 1949 1794 1978 Haasii
1825 1950 1918 1981 lectio
1949 1954 2031 1984 iusto
2055 1956 2197 1986 codicum

250 2007 451 2039 fundamento
483 2008 590 2036 carent
619 2007 650 2034 et
679 2004 717 2035 ab
746 2004 862 2034 usitata
884 2002 1020 2033 Senecae
1049 2002 1291 2040 breviloquentia
1321 2003 1421 2032 aliena
1452 2007 1531 2033 sunt.
1582 2003 1694 2034 Melius
1717 2005 1845 2037 Trittler
1861 2007 1886 2047 ²)
1911 2008 1955 2038 ita
1978 2012 2128 2048 correxit,
2163 2017 2198 2044 ut

252 2068 326 2104 post
355 2062 523 2102 efficienda
551 2063 594 2091 sit
623 2061 771 2092 scriberet
806 2060 868 2091 Sed
889 2060 917 2089 si
938 2062 996 2094 est,
1031 2059 1161 2096 qae'nam
1179 2062 1281 2096 potest
1303 2060 1345 2088 ad
1367 2060 1451 2089 illam
1476 2060 1618 2090 accedere
1641 2061 1667 2091 is
1689 2062 1744 2098 qui
1766 2086 1772 2091 .
1799 2087 1804 2092 .
1831 2087 1837 2093 .
1861 2073 1905 2102 sq.
1951 2067 1993 2096 At
2017 2068 2042 2097 si
2066 2070 2198 2107 vestigia

252 2130 419 2159 sequemur
441 2119 549 2159 optimi
572 2118 688 2149 codicis
709 2127 746 2156 p,
776 2117 807 2146 in
829 2125 888 2154 quo
911 2115 1032 2145 videtur
1054 2123 1120 2144 esse
1176 2115 1236 2145 Sed
1261 2117 1361 2152 potest
1384 2116 1425 2145 ad
1447 2116 1534 2146 illam
1558 2125 1604 2155 sq,
1626 2121 1656 2147 et
1681 2120 1944 2159 comparabimus,
1986 2132 2064 2160 quae
2087 2125 2140 2155 alii
2163 2127 2196 2157 ῃ,

255 2186 330 2209 mss.
354 2176 493 2213 afferunt,
517 2174 609 2215 paulo
631 2173 820 2213 probabilius
843 2172 902 2202 crit
925 2171 1058 2202 scribere
1084 2171 1152 2206 Scd,
1176 2172 1204 2201 se·
1226 2174 1277 2207 cst,
1296 2175 1397 2209 potest
1420 2173 1462 2202 ad
1485 2173 1571 2202 illam
1596 2175 1745 2211 accedere,
1769 2177 1824 2213 qai
1847 2186 1892 2215 sq.

416 2234 445 2270 9,
471 2234 519 2262 17.
541 2232 594 2262 Ad
615 2231 788 2261 mnicitiam
810 2229 872 2265 fert
891 2229 983 2259 illum
1004 2228 1095 2257 nulla
1120 2229 1236 2258 utilitas
1257 2237 1325 2263 sua,
1350 2229 1404 2258 sed
1424 2229 1586 2259 natm-alis
1608 2230 1755 2262 irritatio.
1790 2242 1864 2263 nam
1888 2237 1923 2265 ut
1944 2235 2084 2267 aliarum
2107 2240 2198 2270 vobis

255 2299 359 2320 rerum
383 2290 498 2319 innata
519 2288 647 2318 dulcedo
670 2289 721 2322 est,
745 2287 790 2316 sic
811 2286 968 2316 amicitiae
997 2287 1024 2315 ct
1054 2284 1255 2321 adpetitio
1285 2284 1511 2314 societatis.
1549 2287 1699 2322 quomodo
1721 2288 1856 2320 solitudo
1886 2291 1926 2320 in
1955 2292 2091 2324 odiam
2120 2299 2195 2332 est,

258 2345 409 2384 quomodo
430 2344 584 2375 hominem
605 2342 727 2374 homini
749 2344 865 2373 natura
888 2341 1048 2376 conciliat,
1082 2341 1129 2370 sic
1150 2340 1228 2369 inest
1248 2339 1320 2369 haic
1342 2349 1460 2377 qaoque
1481 2341 1529 2370 rei
1549 2342 1716 2381 stimulas,
1750 2345 1807 2381 qui
1828 2355 1884 2375 nos
1906 2348 2118 2380 amicitiarum
2141 2352 2197 2381 ad-

249 2402 387 2439 petentes
408 2399 530 2438 faciat]
576 2399 627 2430 Sic
649 2399 753 2429 Haase
782 2399 833 2436 qui
863 2398 1053 2435 transposuit
1082 2396 1225 2433 adpetitio
1254 2396 1421 2431 societatis,
1453 2398 1535 2434 quod
1565 2397 1639 2427 olim
1669 2404 1737 2429 erat
1764 2405 1837 2437 post
1866 2403 1898 2431 in
1921 2404 2027 2434 odiam
2049 2409 2100 2435 est.
2147 2408 2197 2437 In-

253 2456 379 2493 geniose
405 2463 480 2484 sane
500 2456 601 2484 locum
625 2458 808 2485 curaverunt-
830 2457 861 2484 et
882 2455 987 2491 Haupt
1009 2453 1061 2491 (11,
1085 2453 1117 2490 8)
1141 2456 1172 2481 et
1194 2451 1320 2488 Madvig
1343 2452 1395 2489 (Il,
1418 2452 1495 2490 464)
1530 2461 1597 2483 cum
1631 2454 1804 2486 scriberent
1837 2481 1844 2487 .
1869 2482 1876 2488 .
1901 2482 1908 2488 .
1932 2483 1939 2489 .
1962 2461 2010 2490 sie
2031 2463 2197 2501 (amicitiae,

251 2511 405 2550 quomodo
434 2511 620 2542 solitudinis
649 2510 755 2541 odium
783 2511 828 2541 est
856 2511 885 2540 et
913 2509 1057 2548 adpetitio
1086 2507 1254 2544 societatis,
1289 2507 1438 2545 quomodo
1469 2516 1514 2546 sq.
1577 2509 1693 2540 Tamen
1723 2512 1828 2543 nescio
1857 2521 1896 2544 an
1926 2515 2020 2547 etiam
2042 2516 2119 2549 liaec
2141 2528 2199 2558 per

253 2567 392 2598 salebras
425 2570 536 2606 repant
568 2575 605 2597 ac
637 2567 688 2597 vix
721 2566 880 2604 eleganter
911 2567 1032 2597 dicatur
1064 2565 1210 2603 quomodo
1234 2588 1239 2593 .
1265 2587 1271 2593 .
1296 2588 1301 2593 .
1327 2588 1333 2593 .
1358 2563 1462 2594 odiam
1494 2567 1539 2595 est
1567 2574 1613 2603 sq.
1676 2567 1753 2598 Vide
1783 2578 1820 2599 ne
1851 2571 2045 2604 scribendum
2075 2575 2115 2605 sit
2144 2576 2199 2607 Aa

418 2693 444 2729 ¹)
470 2692 560 2722 Jabns
580 2693 759 2722 Jahrbiicher
778 2694 823 2728 87,
844 2693 899 2721 574
913 2692 942 2720 ff.
964 2708 997 2712 —
1020 2692 1045 2728 ²)
1063 2691 1153 2718 Jahns
1171 2689 1347 2717 Jahrbncher
1365 2690 1410 2722 99,
1432 2691 1460 2716 S.
1477 2691 1541 2717 506.
