2383 3039
1204 108 1241 137 10

235 219 365 260 sophiae
388 219 509 259 possint
532 227 600 249 esse
624 217 859 258 impedimento,
896 224 933 247 ac
956 216 1081 247 disertis
1103 215 1205 246 verbis
1228 215 1347 245 Seneca
1371 215 1525 246 Lucilium
1549 217 1706 255 admonet,
1730 221 1763 247 ut
1786 217 1913 247 secedat
1936 225 1983 256 ep.
2002 217 2049 254 18,
2076 217 2123 247 12.
2151 217 2197 253 19,

235 279 253 307 6
277 277 326 306 fin.
350 281 381 306 et
409 278 440 305 ll
467 277 533 306 init.
558 277 608 313 20,
633 277 662 306 6.
687 277 735 305 21.
761 276 810 311 22,
835 275 863 304 3.
898 274 1006 312 ltaque
1029 274 1154 310 vulgata
1176 273 1269 303 lectio
1292 274 1410 303 tuenda
1433 277 1491 304 est.

401 334 448 370 15,
477 334 523 364 12.
546 342 633 364 nunc
654 332 868 363 haurientium
890 331 973 361 sitim
996 330 1151 361 concitant
1173 328 1229 369 [sc.
1252 328 1335 359 bona
1357 329 1532 369 insidiosa}
1569 332 1790 361 mutantur
1811 331 1942 369 speciosi
1964 332 2147 369 apparatus.
2170 331 2200 360 et

240 391 315 428 quid
336 390 440 426 futuri
463 391 609 428 temporis
633 390 749 419 incerta
771 397 839 418 sors
863 387 976 417 volvit?
999 396 1096 424 qnare
1112 387 1221 424 potins
1244 396 1263 415 a
1285 385 1417 422 fortuna
1442 386 1609 423 impetrem,
1635 390 1670 418 ut
1690 388 1749 424 det,
1774 397 1869 425 quam
1892 398 1911 418 (ι
1931 397 1987 425 me,
2011 398 2050 419 ne
2065 387 2198 426 petam?

234 457 331 485 qnare
355 450 458 478 autem
475 447 608 486 petam?
631 446 746 477 oblitus
767 444 954 485 frayilitatis
975 443 1134 475 humanae
1156 442 1347 482 congyeram?
1375 442 1407 472 in
1430 442 1507 480 qnid
1534 442 1672 473 laborem
1682 443 1712 484 ἒ]
1758 444 1889 482 Egregie
1913 445 2048 479 correxit
2070 444 2198 482 Madvig

234 504 462 532 mittantur
485 507 516 532 et
538 507 649 542 postea
665 502 803 532 Fickerti
820 501 957 537 vestigiis
981 500 1126 529 insistens
1149 502 1183 534 et,
1209 499 1289 535 quod
1311 498 1416 533 lietzo-i
1439 500 1588 536 temporis
1614 500 1733 528 incerta
1756 509 1825 529 sors
1848 502 1949 536 volvit,
1973 511 2071 538 quare
2087 503 2197 539 potius

236 569 281 599 sq.
328 560 362 590 In
386 560 433 597 iis,
459 568 536 599 quae
560 563 736 599 sequuntur,
760 558 914 598 paululum
932 565 950 587 a
967 556 1114 587 Fickerto
1131 560 1162 586 et
1179 554 1299 586 Kochio
1318 554 1343 594 ¹)
1367 553 1534 585 deflectens
1559 555 1603 585 sic
1626 555 1789 593 legendum
1814 564 1882 587 esse
1904 557 2075 596 putaverim
2099 565 2197 595 quare

235 618 337 646 aldem
357 617 490 654 petum?
513 617 627 646 oblitus
648 616 836 654 fraqilitatis
857 614 1014 644 hnmanae
1036 622 1208 651 congeram,
1235 613 1267 641 in
1292 612 1375 649 quod
1398 612 1562 641 laborem?
1586 612 1747 650 Duplicem
1771 614 1855 643 illam
1879 614 2047 643 clausulam
2064 614 2197 651 petam?

235 673 332 702 multo
357 673 539 703 alacriorem
564 676 594 702 et
617 672 773 702 meliorem
797 680 873 707 esse,
910 679 997 709 quam
1021 670 1045 700 si
1070 669 1159 699 alteri
1188 670 1293 706 petam
1317 668 1422 698 statim
1449 668 1634 705 adiungatur
1672 669 1786 700 oblitus
1819 669 2005 709 frctyilitatis
2038 670 2196 700 humanae

242 732 316 758 tunc
339 729 459 758 demum
483 729 735 765 interrogationis
758 728 843 765 signo
867 727 999 764 adiecto,
1023 727 1089 765 quis
1112 730 1168 760 est,
1193 726 1262 764 quin
1288 724 1424 754 sentiat?

403 787 450 822 16,
476 787 504 815 2.
544 786 614 816 Non
638 794 762 824 possum
786 785 1032 823 praetermittere
1056 783 1204 820 Madvigii
1236 781 1495 819 elegantissimam
1530 782 1749 813 coniecturam.
1795 782 1910 822 Optimi
1934 783 2057 814 codices
2081 783 2196 814 habent

239 840 351 878 Itaque
374 841 432 871 tibi
455 842 542 879 apud
562 851 610 871 me
628 842 779 880 pluribus
802 841 900 871 verbis
924 842 979 870 aeri
1001 839 1175 876 adfirmatis
1198 848 1235 868 nc
1260 840 1322 868 tani
1347 838 1448 876 lonyis
1473 837 1617 876 intcllcyo
1641 841 1668 868 tc
1690 839 1822 869 multum
1840 839 2022 877 profecisse.
2078 840 2194 878 Quibus

236 898 267 926 in
298 898 401 928 verbis
432 908 499 928 cum
531 899 670 936 plurimi,
706 902 739 928 ut
763 898 829 936 ipse
855 905 974 935 quoque
998 896 1124 926 Fickert
1147 900 1177 926 et
1200 896 1311 932 Haase,
1344 893 1459 924 frustra
1491 893 1734 933 elaboraverint,
1758 896 1885 934 Madvig
1907 896 2028 927 videtur
2050 905 2113 927 rem
2137 905 2194 928 acu

239 953 390 990 tetigisse,
416 963 483 984 cum
507 954 552 984 sic
575 954 740 984 scriberet:
775 953 887 990 Itaque
909 952 965 982 tibi
987 952 1073 990 apud
1093 961 1139 981 mc
1156 952 1306 990 pluribus
1332 951 1429 980 verbis
1453 952 1507 979 aut
1531 950 1743 986 affirmatione
1768 953 1829 982 iam
1855 953 1902 982 nil
1924 961 2021 990 opus:
2052 953 2193 992 intelieqo

236 1012 265 1039 tc
289 1010 420 1040 »mltum
439 1010 622 1048 profecisse.
667 1011 745 1040 Vide
778 1018 867 1048 quam
897 1009 1059 1046 diligenter
1089 1013 1119 1039 ct
1149 1012 1238 1039 acute
1269 1009 1299 1038 in
1333 1007 1539 1046 corruptionis
1570 1008 1643 1039 sede
1675 1018 1772 1048 prope
1802 1009 2038 1048 uniuscuiusque
2070 1009 2193 1040 litterae

236 1065 361 1095 ductum
387 1066 528 1096 videatur
551 1070 719 1105 spectasse.
764 1065 831 1096 Nisi
854 1064 935 1095 sorte
959 1065 1150 1095 scribendum
1174 1068 1221 1094 est
1244 1073 1306 1094 non
1330 1074 1407 1102 opus
1430 1067 1473 1095 cst
1496 1063 1534 1102 (ῖι
1556 1073 1633 1103 opus
1651 1065 1681 1103 e)
1706 1066 1786 1104 quod
1810 1066 1892 1096 haud
1916 1066 1979 1096 scio
2004 1074 2041 1096 an
2064 1066 2193 1105 propius

238 1123 369 1152 accedat
392 1124 431 1153 ad
457 1123 559 1161 ionyis
583 1131 672 1161 quam
697 1124 779 1162 quod
802 1123 928 1159 Madvig
950 1122 1045 1152 voluit
1068 1123 1118 1152 nil
1139 1131 1223 1159 opus.
1263 1121 1399 1159 Itemque
1423 1123 1592 1152 rectissime
1617 1122 1743 1159 Madvig
1765 1123 1842 1153 vidit
1865 1126 1975 1161 postea
1999 1122 2192 1153 scribendum

237 1186 306 1208 esse
323 1188 383 1209 non
402 1179 483 1217 quod
500 1179 590 1216 vulgo
608 1183 764 1218 receptum
788 1183 836 1209 est
858 1179 960 1209 dicam
983 1181 1085 1209 tamen
1107 1178 1296 1213 sententiam,
1322 1178 1429 1216 (quod)
1455 1179 1517 1208 iam
1542 1179 1577 1208 dc
1600 1180 1626 1208 te
1649 1187 1732 1217 spem
1755 1179 1860 1215 habco,
1886 1180 1940 1210 sed
1964 1179 2065 1209 dicant
2089 1181 2194 1209 tamen

235 1235 313 1271 quid
334 1235 488 1264 sentiam:
522 1236 587 1265 iam
610 1236 646 1265 de
670 1238 696 1265 te
727 1244 771 1273 sq.
828 1235 953 1264 Minime
984 1239 1086 1264 tamen
1109 1234 1299 1272 probandum
1323 1237 1386 1270 est,
1425 1235 1505 1272 quod
1528 1235 1564 1265 G.
1590 1235 1719 1265 Richter
1741 1236 1903 1274 proposuit
1918 1236 1943 1274 ²)
1967 1235 2061 1265 verba
2081 1236 2193 1273 Itaque

239 1299 302 1319 non
327 1299 407 1328 opus
430 1293 474 1320 est
495 1292 553 1321 tibi
576 1292 665 1329 apud
685 1300 733 1321 me
749 1291 900 1328 pluribus
922 1290 1021 1320 verbis
1044 1291 1099 1320 ant
1121 1289 1338 1325 adfirmatione
1361 1292 1425 1319 tam
1449 1290 1541 1328 lonya
1573 1291 1645 1321 sede
1668 1294 1785 1321 mutata
1808 1291 1867 1321 iam
1891 1294 1963 1329 post
1985 1291 2078 1321 verba
2100 1291 2192 1322 etiam

239 1346 386 1375 incohata
411 1355 478 1376 esse
503 1348 677 1378 inserenda.

404 1405 451 1439 17,
477 1405 504 1433 3.
542 1402 726 1442 [Pauperem
750 1412 887 1434 securum
912 1411 979 1433 esse
1004 1402 1122 1434 Seneca
1145 1401 1302 1442 explicat]
1353 1401 1429 1433 Cum
1453 1402 1616 1433 classicum
1641 1404 1761 1440 cecinit,
1797 1404 1851 1434 seit
1874 1413 1937 1434 non
1962 1413 1994 1434 sc
2010 1404 2088 1442 pcti.
2122 1412 2192 1434 cnm

237 1460 346 1496 <iliona
371 1460 576 1488 conclamatio
600 1462 644 1489 cst
667 1484 672 1489 .
699 1484 705 1489 .
732 1484 736 1489 .
761 1468 825 1488 non
847 1459 923 1496 quid
945 1459 1060 1495 efferat,
1084 1459 1215 1496 quaerit.
1240 1461 1311 1488 aut
1334 1459 1363 1488 si
1385 1459 1601 1497 naz-iqandnm
1625 1462 1676 1494 cst,
1701 1469 1765 1489 non
1788 1462 1929 1497 strepunt
1946 1462 2079 1497 portus.
2106 1484 2111 1489 .
2139 1483 2145 1489 .
2169 1459 2191 1499 .]

237 1516 379 1555 Apparet
402 1518 458 1546 ant
480 1516 727 1547 coniunctionem
751 1525 811 1546 non
834 1515 911 1546 satis
933 1514 1065 1546 feliciter
1087 1515 1137 1546 hic
1160 1515 1306 1554 scriptam
1331 1524 1417 1552 esse,
1442 1524 1508 1545 cum
1533 1515 1691 1554 quaelibet
1714 1516 1855 1555 exempla
1877 1516 2059 1554 afferantur,
2083 1516 2191 1555 quibus

238 1581 406 1611 pauperem
431 1573 512 1602 curis
535 1581 662 1603 vacuum
687 1582 754 1603 esse
777 1573 934 1611 probetur.
976 1571 1086 1611 Itaque
1110 1581 1176 1602 cum
1200 1572 1230 1602 iu
1254 1573 1361 1602 codice
1384 1582 1413 1610 p,
1438 1572 1488 1610 qui
1513 1581 1568 1610 pro
1593 1573 1819 1611 spectatissimo
1843 1573 1982 1611 habetur,
2006 1575 2041 1603 ut
2061 1573 2190 1611 legatur,

237 1638 294 1666 pro
317 1632 403 1658 certo
427 1628 644 1659 affirmaverim
668 1630 716 1659 vel
736 1629 930 1659 scribendum
955 1637 1038 1666 esse,
1073 1629 1154 1667 quod
1185 1633 1216 1658 et
1246 1629 1363 1667 optime
1394 1628 1470 1659 illud
1502 1629 1542 1659 ad
1576 1630 1758 1659 sementiam
1788 1630 2052 1660 accommodatum
2083 1633 2130 1659 est
2161 1633 2192 1659 et

238 1685 338 1714 nullas
363 1684 427 1715 sere
450 1685 621 1723 particulas
643 1685 787 1724 nullaque
810 1685 960 1715 vocabula
982 1685 1104 1723 saepius
1128 1685 1157 1715 in
1181 1685 1213 1715 ll.
1237 1693 1308 1714 mss.
1332 1685 1455 1724 saepius
1478 1689 1612 1715 mutatas
1636 1694 1704 1715 esse
1727 1689 1849 1716 constet
1872 1694 1961 1724 quam
1983 1689 2018 1716 ut
2040 1690 2071 1715 et
2093 1686 2147 1716 vei.

404 1743 449 1777 17,
476 1744 503 1770 5.
528 1740 753 1779 [Admonuerat
777 1740 894 1771 Seneca
917 1740 1084 1777 Lucilium,
1119 1744 1152 1770 ut
1175 1740 1299 1770 tandem
1324 1741 1489 1779 aliquando
1521 1741 1646 1771 divitias
1676 1742 1848 1771 consectari
1880 1742 2043 1771 desineret.
2088 1741 2191 1778 Pergit

237 1805 283 1833 ea,
308 1805 386 1835 quae
410 1801 517 1827 contra
540 1798 601 1827 dici
624 1797 752 1836 possint,
776 1796 942 1836 refellere]
990 1796 1137 1833 „Pararcn
1163 1797 1277 1834 inquis,
1303 1797 1386 1827 unde
1409 1797 1511 1827 vivant
1536 1797 1629 1827 e·oio.“
1659 1797 1795 1828 Simul
1826 1799 1860 1827 ct
1884 1806 2041 1835 parare
2064 1797 2191 1828 disce:

236 1853 265 1880 si
287 1853 364 1889 qnid
385 1855 411 1881 te
427 1855 508 1881 vetat
529 1854 603 1882 bene
625 1853 732 1888 vivere,
758 1853 831 1882 bene
852 1852 933 1881 mori
954 1861 1019 1881 non
1041 1852 1144 1891 vetat]
1168 1853 1284 1882 Locum
1308 1856 1484 1891 corruptum
1509 1861 1582 1882 esse
1605 1853 1683 1883 vidit
1706 1854 1811 1891 Haupt
1835 1853 1887 1891 (11,
1913 1855 1946 1882 27
1955 1854 1986 1891 7)
2010 1854 2190 1891 putavitque

236 1908 354 1947 aliquid
377 1909 529 1940 excidisse
553 1912 584 1939 et
607 1908 685 1940 hanc
709 1907 774 1940 fere
797 1907 892 1939 fuisse
916 1909 1115 1940 sententiam:
1138 1908 1235 1940 simul
1256 1910 1284 1939 et
1299 1918 1420 1947 parare
1444 1908 1525 1940 unde
1547 1908 1684 1940 moriare
1706 1909 1799 1941 disce.
1843 1909 2004 1948 Ingeniose
2027 1917 2110 1947 saue,
2136 1909 2190 1940 sed

236 1965 413 1994 dubitanter
443 1970 473 1994 et
503 1966 595 1994 nimia
629 1965 792 2003 supplendi
824 1965 950 1995 licentia
978 1966 1105 2002 Madvig
1135 1966 1242 1995 scribit
1264 1966 1361 1995 simul
1382 1968 1410 1994 ct
1425 1975 1512 2002 para
1535 1968 1563 1995 et
1585 1966 1676 1995 disce.
1721 1966 1821 1996 Multo
1845 1970 1948 1995 tamen
1972 1966 2036 1995 veri
2060 1967 2190 1996 similius

236 2025 283 2051 est
307 2021 499 2052 scribendum
523 2030 591 2052 esse
613 2022 713 2052 simul
734 2023 762 2052 et
782 2022 884 2051 vivere
906 2022 997 2058 disce,
1022 2022 1103 2061 quod
1126 2021 1218 2051 facile
1241 2020 1306 2051 fieri
1330 2022 1441 2060 potuit,
1467 2025 1509 2059 ut,
1535 2031 1602 2052 cum
1619 2022 1711 2061 paulo
1729 2030 1823 2061 supra
1839 2022 1986 2061 scriptum
2002 2022 2042 2052 sit
2059 2031 2189 2060 parare,

235 2078 327 2116 paulo
350 2077 429 2108 infra
452 2079 568 2115 vivere,
602 2079 733 2108 alterum
756 2081 926 2108 mutaretur
948 2078 1057 2108 altero.
1102 2079 1191 2116 Quod
1216 2079 1264 2108 cui
1287 2088 1347 2108 non
1371 2079 1542 2117 placuerit,
1576 2078 1659 2115 legat
1681 2079 1780 2108 simul
1801 2082 1829 2108 ct
1844 2088 1965 2116 parare
1988 2079 2068 2108 disce
2090 2079 2191 2109 rivere

233 2144 293 2165 non
317 2139 379 2165 tam
402 2139 507 2174 aptum
530 2135 606 2165 illud
631 2135 770 2173 quidem,
806 2142 894 2173 quam
919 2135 1001 2173 quod
1023 2135 1122 2174 primo
1144 2135 1214 2165 loco
1237 2135 1344 2174 posui,
1376 2136 1430 2165 sed
1454 2135 1554 2174 ipsum
1578 2142 1697 2173 quoque
1720 2135 1760 2165 ad
1783 2136 1967 2165 sententiam
1990 2144 2115 2173 prorsus
2138 2144 2189 2165 ac-

233 2191 470 2220 commodatum.
516 2190 634 2227 Quibus
655 2190 840 2219 lectionibus
862 2198 952 2228 quam
974 2190 1145 2228 aequabilis
1169 2190 1322 2220 efficiatur
1345 2191 1496 2219 orationis
1520 2199 1638 2226 cursuS,
1661 2191 1692 2219 in
1715 2195 1859 2228 promptu
1883 2195 1940 2220 est.

396 2248 444 2283 17,
469 2247 498 2276 o.
520 2246 566 2277 Et
586 2246 669 2284 quod
691 2246 782 2276 aliud
804 2247 872 2276 erat
892 2246 981 2277 illius
997 2246 1173 2284 patientiae
1196 2244 1254 2285 [sc.
1278 2246 1308 2275 in
1332 2245 1546 2276 obsidionibus
1570 2245 1743 2285 spectatae]
1761 2246 1943 2283 praemium
1965 2255 2059 2284 quam
2082 2246 2115 2276 in
2138 2255 2189 2276 ar-

232 2302 358 2332 bitrium
381 2311 445 2331 non
468 2302 579 2331 cadere
600 2302 752 2331 victoris?
784 2303 900 2338 quanto
929 2301 998 2331 hoc
1027 2301 1084 2340 [sc.
1107 2301 1320 2340 philosophia]
1343 2301 1447 2331 matus
1470 2303 1529 2336 esi,
1566 2310 1640 2337 quo
1665 2301 1861 2338 promittitur
1875 2304 2030 2339 perpetua
2053 2302 2187 2338 libertas,

230 2359 353 2389 millius
374 2368 431 2389 nec
451 2359 589 2388 hominis
610 2367 667 2388 nec
688 2357 738 2387 dei
760 2358 873 2387 timor:
905 2360 941 2388 et
962 2357 1123 2395 quidem
1144 2358 1193 2388 vel
1214 2357 1364 2387 esurienti
1386 2356 1429 2386 ad
1451 2356 1535 2386 ista
1557 2356 1743 2388 veniendum
1766 2359 1817 2387 est.
1862 2357 2083 2388 Praemittatur
2098 2357 2188 2389 Mad-

230 2415 341 2453 vigium
364 2415 415 2445 vix
438 2417 558 2445 rectum
581 2413 712 2451 vidisse,
748 2421 816 2443 cum
839 2413 1041 2443 contenderet
1062 2412 1196 2443 fortasse
1220 2412 1414 2443 scribendum
1437 2420 1506 2442 esse
1532 2412 1655 2451 Quanto
1686 2412 1727 2442 hi
1735 2421 1751 2442 c
1771 2413 1879 2443 maius
1901 2415 1960 2450 est,
1995 2414 2098 2451 quod
2117 2422 2189 2452 pro-

228 2473 372 2503 mittitur.
418 2472 481 2502 Sed
504 2471 668 2502 maximam
691 2470 899 2509 suspicionem
921 2473 1033 2507 movet,
1061 2470 1144 2509 quod
1166 2469 1313 2509 sequitur,
1338 2471 1365 2500 et
1387 2469 1510 2508 Quidem
1534 2468 1594 2508 (sic
1617 2469 1744 2510 Haase).
1790 2469 1918 2502 Fickert
1940 2470 2066 2502 minoris
2090 2471 2188 2509 digni-

229 2528 304 2558 tatis
328 2527 452 2558 codices
476 2529 601 2557 secutus
623 2525 718 2556 habet
740 2524 888 2563 equidem,
924 2524 1051 2562 Madvig
1072 2525 1187 2555 conicit
1207 2524 1343 2563 Ecquid,
1375 2525 1406 2554 in
1430 2525 1556 2564 optimis
1579 2525 1739 2556 codicibus
1761 2529 1809 2556 est
1830 2526 1907 2556 haec
1928 2527 2060 2565 quidem.
2106 2527 2189 2564 Quas

228 2585 402 2623 quicunque
424 2583 576 2614 lectiones
600 2580 853 2619 consideraverit,
877 2589 939 2612 non
961 2581 1064 2612 veniet
1086 2581 1115 2612 ei
1130 2581 1161 2612 in
1179 2584 1315 2612 mentem
1339 2581 1390 2612 vix
1412 2581 1491 2613 ullas
1515 2581 1685 2622 particulas
1709 2582 1832 2623 saepius
1853 2583 1936 2614 inter
1958 2591 1990 2615 se
2014 2591 2082 2614 esse
2105 2591 2188 2614 com-

226 2644 380 2679 mutatas,
417 2640 512 2679 idque
534 2642 664 2679 propter
686 2638 937 2678 compendiorum
960 2637 1081 2669 illorum
1105 2637 1335 2669 similitudinem
1367 2646 1457 2677 quam
1486 2638 1585 2669 haec
1616 2643 1646 2670 et
1675 2639 1747 2670 hoc
1777 2643 1808 2670 et
1836 2639 1911 2670 hoc
1940 2640 1999 2670 iam
2027 2647 2119 2678 supra
2141 2639 2190 2670 bis

396 2759 418 2795 ¹)
439 2758 521 2786 Neue
542 2756 730 2786 Jahn-bucher.
751 2755 784 2784 B.
802 2756 865 2792 111,
885 2755 915 2785 S.
932 2756 996 2784 ⁷24.
1018 2771 1055 2776 —
1076 2755 1103 2792 ¹)
1122 2755 1214 2784 Jahns
1234 2756 1315 2784 Neue
1336 2756 1524 2786 Jahrbficher.
1548 2758 1593 2792 87,
1615 2758 1645 2786 S.
1661 2757 1716 2784 5⁷4
1730 2757 1759 2785 ff.
