2383 3039
1171 107 1189 135 S

195 210 363 249 aninmm]
410 211 463 241 Sic
486 211 601 242 Haase.
647 211 765 244 Suadet
787 214 818 243 in
841 214 894 250 iis,
932 221 1009 251 quae
1032 212 1233 248 antecedunt,
1269 211 1389 242 Seneca
1411 211 1547 249 Lucilio,
1581 215 1616 242 ut
1645 212 1917 243 exercitationibus
1948 211 2092 242 facilibus
2118 215 2151 242 et

195 266 340 297 brevibus
362 270 486 305 utatur,
521 277 600 306 quae
631 278 744 308 corpus
774 270 840 299 sine
870 278 958 300 mora
989 270 1106 299 lassent
1136 273 1166 299 et
1195 268 1325 306 tempori
1356 271 1502 307 parcant,
1537 276 1702 307 earumque
1733 269 1873 308 exempla
1895 267 1999 299 adfert
2019 275 2153 306 cursmn,

195 326 298 352 motas
321 331 439 360 manus,
465 324 564 354 saltus
587 325 648 355 duo
670 333 792 362 genera.
838 326 911 355 Turn
936 329 1103 363 sequuntur
1126 333 1170 360 ea,
1194 332 1271 361 quae
1295 332 1387 361 supra
1409 324 1526 362 scripta
1549 328 1629 354 sunt,
1664 326 1750 362 Quae
1772 333 1840 355 cum
1862 325 1907 355 ita
1929 325 1999 362 sint,
2022 328 2154 363 quanto-

194 385 269 415 pere
299 378 408 408 Haasii
441 379 622 409 coniectura
651 380 823 418 claudicet,
855 389 892 410 ex
922 381 989 419 ipsa
1020 380 1237 410 sententiarum
1268 379 1499 409 continuatione
1529 383 1669 417 apparet.
1722 380 1883 417 Quomodo
1914 381 1993 411 enim
2024 380 2067 418 is,
2100 381 2152 420 qui

195 433 323 464 disertis
345 434 450 465 verbis
472 435 544 465 illas
568 436 807 467 exercitationes
830 436 937 466 faciles
962 440 993 466 et
1014 436 1122 466 breves
1144 436 1243 472 dicat,
1282 435 1370 473 quasi
1401 443 1460 464 uno
1492 434 1602 473 spiritu
1632 443 1689 465 usu
1711 438 1830 466 tantum
1852 435 1961 467 faciles
1984 445 2037 467 eas
2059 436 2148 468 reddi

195 491 390 521 contendat?
413 492 577 530 quomodo,
602 493 653 531 qui
677 493 739 522 cito
756 501 775 522 a
791 501 920 531 corpore
944 493 982 522 ad
1006 493 1137 522 animum
1161 491 1347 521 redeundum
1371 499 1438 520 esse
1461 490 1634 528 admoneat,
1659 495 1761 521 tamen
1784 500 1870 522 usum
1893 492 1914 522 i.
1926 501 1954 523 e.
1966 492 2149 531 saepissime

195 547 363 583 repetitam
386 548 642 578 exercitationem
666 548 883 578 commendet?
928 548 1034 586 Neque
1057 549 1152 584 magis
1175 548 1285 585 placet,
1311 547 1391 584 quod
1415 545 1543 576 Fickert
1564 546 1778 576 nonnullorum
1801 548 1941 577 codicum
1964 548 2095 585 vestigia
2117 552 2149 579 et

197 600 507 640 Schweighauserum
531 608 656 634 secutus
678 604 812 642 scripsit,
848 613 907 633 usu
931 605 1007 633 rude
1030 605 1134 640 fat-ile,
1167 604 1247 642 quod
1270 602 1423 641 proverbii
1447 602 1516 631 loco
1540 601 1636 631 fuisse
1658 605 1757 640 putat.
1801 603 1843 632 At
1865 612 1925 633 non
1948 603 2046 632 solum
2070 603 2151 633 eius-

196 658 281 687 modi
305 659 432 689 verbum
456 660 594 697 ignotum
618 666 675 697 est,
700 661 754 690 sed
778 660 870 690 etiam
893 669 964 689 usus
988 660 1159 697 multaeque
1183 659 1413 689 exercitationis
1436 658 1660 688 commendatio
1682 658 1773 697 plane
1789 658 1828 689 ab
1844 657 1982 689 Senecae
1997 657 2153 689 sententia

196 712 357 743 abhorret.
412 714 542 752 Madvig
565 714 599 753 (l.
622 715 643 744 l.
667 716 743 754 465)
767 715 899 745 coniecit
924 724 1040 744 usurus
1063 725 1098 742 121·
1119 715 1213 751 facili,
1238 714 1395 751 ingeniose
1418 714 1471 743 ille
1493 713 1624 751 quidem,
1648 714 1703 743 sed
1726 714 1895 751 elegantius
1918 721 2008 752 quam
2030 714 2148 752 simpli-

197 769 273 800 cius.
320 768 384 801 Sed
408 771 534 810 optime,
558 772 617 802 nisi
640 771 742 809 fallor,
767 771 860 802 verba
883 771 1115 808 constituentur,
1140 770 1303 801 dummodo
1327 770 1435 809 optimi
1458 769 1573 801 codicis
1595 779 1615 809 p
1638 769 1771 809 aliquam
1793 770 1945 801 rationem
1967 769 2148 810 habeamus,

196 825 228 854 in
251 833 312 863 quo
336 827 487 865 scriptum
509 831 558 857 est
580 836 671 857 usum
696 828 804 857 rudem
826 827 948 863 facilem
982 828 1072 865 idque
1096 836 1150 856 suo
1174 827 1308 864 pondere
1333 827 1554 863 examinemus,
1586 827 1667 864 quod
1688 835 1749 856 non
1772 827 1870 856 solum
1892 826 1980 856 multi
2003 835 2070 856 cum
2092 826 2149 857 illo

196 881 268 912 libri
292 883 496 921 manuscripti
521 882 648 919 faciunt,
672 892 775 913 verum
800 883 892 913 etiam
916 884 1021 912 rudem
1045 883 1177 919 sla—ilem,
1212 883 1259 912 vel
1283 886 1400 912 mutato
1424 882 1531 912 ordine
1553 882 1677 919 facilem
1700 882 1807 914 rudem
1830 883 1923 913 etiam
1945 882 2068 921 plurimi
2090 882 2146 913 alii

196 936 323 974 habent,
355 939 406 976 qui
430 939 634 977 praemittunt
659 947 726 968 usu.
773 938 820 968 Ne
843 938 955 967 multa:
988 938 1180 967 scribendum
1204 946 1270 967 esse
1293 942 1367 976 puto
1390 939 1472 975 quod
1493 939 1565 968 libel
1587 947 1623 968 ca:
1643 938 1692 967 his
1713 939 1792 977 ellye
1813 938 1861 968 vcel
1882 938 1990 968 rudem
2011 938 2146 975 facilem.

197 994 318 1025 Suadet
339 994 435 1032 igitur
458 995 586 1032 Seneca,
611 998 642 1024 ut
661 994 798 1025 Lucilius
821 994 869 1024 vel
892 994 930 1024 iis
953 997 1057 1024 utatur
1080 994 1358 1031 exercitationibus,
1383 1002 1457 1032 quas
1480 994 1546 1033 ipse
1560 994 1679 1026 Seneca
1700 993 1807 1025 faciles
1831 1002 1898 1025 esse
1921 994 2073 1032 cognovit,
2096 994 2146 1025 vel

195 1051 274 1081 rude
289 1050 386 1088 facili,
411 1052 495 1089 quod
517 1059 614 1088 genus
637 1059 789 1080 armorum
812 1054 875 1080 tum
899 1051 1044 1079 usitatum
1069 1053 1133 1079 erat
1157 1059 1216 1079 non
1239 1050 1337 1078 solum
1360 1050 1580 1086 gladiatoribus
1596 1051 1635 1081 ad
1650 1054 1747 1080 artem
1764 1051 1952 1087 discendam,
1975 1050 2030 1080 sed
2053 1050 2147 1080 etiam

196 1107 280 1146 apud
311 1107 432 1138 nobiles
462 1107 630 1137 Romanos.
676 1106 776 1145 (Suet.
800 1106 896 1143 Calig.
921 1106 960 1136 32
992 1105 1030 1135 cf.
1055 1105 1126 1136 Seu.
1150 1114 1197 1144 ep.
1225 1107 1271 1142 18,
1296 1106 1313 1135 8
1343 1106 1557 1136 Exerceamur
1587 1106 1629 1137 acl
1652 1107 1789 1145 palum.)
1842 1106 1916 1137 Cum
1946 1109 2048 1137 tamen
2078 1105 2146 1137 fieri

197 1164 345 1203 potuerit,
370 1167 404 1194 ut
421 1164 541 1194 Seneca
565 1163 630 1193 eius
654 1162 737 1192 modi
760 1162 982 1192 exercitatione
1005 1171 1064 1191 nou
1087 1162 1249 1192 admodum
1273 1162 1486 1199 delectaretur,
1510 1163 1585 1193 illud
1608 1163 1819 1194 tantummodo
1841 1166 1986 1202 tanquam
2009 1163 2146 1201 priorum

200 1220 450 1258 supplementum
473 1219 606 1249 addidit.
652 1218 714 1248 Sed
738 1226 804 1247 cum
827 1217 971 1247 librarius
994 1217 1104 1254 aliquis
1127 1218 1268 1253 nesciret,
1292 1218 1363 1255 quid
1387 1222 1468 1248 esset
1490 1219 1583 1255 rudis,
1608 1219 1852 1257 sententiamque
1867 1226 1927 1248 uon
1942 1218 2146 1256 intellegeret,

196 1277 394 1313 neglegentia
417 1276 483 1306 eius
506 1276 629 1306 videtur
652 1274 766 1304 factum
790 1283 867 1310 esse,
891 1277 922 1303 ut
946 1274 1100 1303 levissima
1124 1274 1294 1303 litterarum
1319 1274 1523 1304 declinatione
1546 1283 1605 1304 non
1629 1275 1729 1312 „uel“,
1753 1275 1807 1306 sed
1828 1276 1925 1312 „usu“
1948 1274 2144 1305 scriberetur.

364 1334 411 1369 15,
447 1332 465 1360 6
500 1338 567 1368 sqq.
615 1330 782 1358 Gestatio.
808 1352 813 1358 .
840 1351 846 1358 .
870 1351 877 1357 .
910 1329 1012 1357 studia
1054 1337 1113 1356 mm
1155 1328 1277 1363 abflce't:
1317 1329 1421 1365 possis
1455 1330 1566 1366 lemare,
1606 1331 1709 1366 possis
1742 1330 1875 1365 dictare,
1911 1330 2017 1367 possis
2050 1330 2146 1367 loqui,

189 1392 297 1429 possis
320 1390 443 1425 recedite,
468 1396 600 1427 quorum
625 1385 708 1417 nihil
730 1394 767 1416 nc
790 1385 959 1415 ambulatio
984 1385 1105 1423 quidem
1130 1386 1208 1415 vetat
1228 1385 1304 1421 sieri.
1338 1384 1403 1415 Nec
1425 1387 1456 1416 tu
1482 1385 1676 1417 intentionem
1698 1386 1780 1417 vocis
1802 1386 2027 1425 contempseris,
2051 1395 2146 1425 quam

197 1450 259 1477 ceto
283 1450 310 1477 tc
331 1455 388 1484 per
408 1445 532 1483 =aradus
556 1445 590 1472 ct
612 1444 709 1471 perros
732 1442 838 1470 »cados
861 1441 1009 1474 extollere,
1039 1441 1148 1469 deinde
1171 1442 1362 1476 dem-imore.
1412 1441 1495 1479 Quid
1517 1442 1545 1470 si
1567 1442 1644 1470 velis
1665 1442 1775 1471 deinde
1796 1442 2056 1479 quomadmodum
2078 1451 2144 1472 am-

196 1505 284 1536 balas
307 1503 450 1535 discere?
485 1500 613 1531 adininc
644 1499 733 1534 istos,
769 1507 845 1535 quos
869 1507 947 1527 ›zm-a
971 1497 1104 1534 artificia
1127 1497 1230 1527 <Iacuit
1252 1497 1369 1534 francs:
1403 1497 1477 1533 erit,
1514 1497 1567 1534 qai
1587 1497 1707 1536 ⁸‹Ji-(alus
1728 1500 1798 1528 laos
1820 1498 1962 1535 temperet
1983 1499 2011 1528 et
2032 1497 2146 1529 baccas

197 1561 359 1591 edentis
383 1559 521 1589 observet
544 1580 550 1585 .
577 1579 583 1585 .
608 1555 629 1594 .]
675 1555 750 1584 Tam
774 1554 953 1591 deperditus
976 1554 1025 1582 hic
1048 1554 1131 1582 locus
1154 1554 1270 1582 Haasio
1294 1558 1341 1582 est
1364 1554 1454 1588 visus,
1479 1557 1512 1582 ut
1534 1554 1617 1583 nulla
1639 1563 1672 1583 re
1693 1554 1752 1583 nisi
1773 1554 2015 1591 transpositione
2036 1562 2145 1584 curan-

196 1619 268 1650 dum
285 1625 354 1648 eum
371 1623 441 1647 esse
458 1615 608 1645 censeret.
652 1610 775 1641 Putavit
801 1609 879 1639 enirn
904 1609 950 1639 vir
972 1609 1105 1648 optimus
1129 1608 1198 1639 inde
1222 1617 1240 1638 a
1262 1608 1363 1639 verbis
1385 1608 1448 1639 Nec
1470 1611 1502 1639 ta
1533 1617 1627 1648 usque
1657 1609 1697 1640 ad
1720 1609 1813 1640 verba
1842 1609 1951 1640 deinde
1973 1609 2144 1648 deprimere

196 1684 256 1705 non
281 1675 331 1710 agi
354 1674 393 1703 de
416 1671 571 1710 loquendo
603 1670 632 1698 in
663 1667 871 1697 ambulatione
902 1667 955 1695 sed
986 1670 1102 1695 tantum
1133 1667 1171 1696 de
1201 1667 1304 1696 subtili
1336 1667 1466 1703 quodam
1498 1666 1581 1696 vocis
1613 1666 1705 1696 cultu.
1750 1668 1791 1697 At
1813 1666 2021 1696 verisimilium
2045 1667 2144 1697 estin

197 1731 340 1761 omnibus
364 1729 425 1765 eis,
460 1735 538 1766 quae
563 1725 659 1755 allata
683 1726 768 1759 sunt,
805 1722 896 1751 etiam
922 1722 958 1751 de
982 1721 1165 1751 ambulando
1189 1722 1268 1751 tradi
1292 1725 1477 1760 praecepta,
1513 1722 1543 1752 id
1568 1722 1649 1760 quod
1671 1730 1709 1752 ue
1733 1721 1858 1759 Madvig
1880 1721 2002 1760 quidem
2024 1722 2148 1753 videtur

197 1787 349 1822 sensisse,
386 1790 559 1822 quanquam
592 1782 708 1817 optimo
739 1779 804 1807 iure
827 1778 935 1807 Haasii
966 1778 1196 1814 transpositioni
1228 1777 1409 1814 refragatur.
1465 1778 1646 1807 Mutandum
1670 1782 1772 1807 tamen
1794 1786 1861 1808 esse
1884 1778 2018 1808 arbitror
2041 1778 2072 1816 1)
2094 1778 2146 1808 aa

195 1845 294 1874 certos
318 1842 423 1872 modos
447 1857 486 1861 —
510 1846 569 1868 non
593 1836 658 1866 vult
682 1835 800 1865 Seneca
823 1833 961 1871 spiritum
986 1833 1024 1862 ad
1048 1836 1148 1863 certos
1172 1833 1372 1868 ingredientis
1395 1833 1502 1863 modos
1525 1836 1554 1862 et
1578 1833 1648 1863 duci
1672 1837 1703 1863 et
1724 1833 1828 1871 reddi,
1859 1833 2031 1872 gradusque
2052 1833 2143 1864 intel-

195 1899 272 1935 legit
295 1906 357 1927 non
380 1900 443 1926 tam
467 1902 572 1924 vocem
597 1890 797 1929 temperantis
822 1897 910 1926 quam
935 1898 1045 1926 eorpus
1067 1889 1206 1926 latusque
1231 1890 1259 1917 in
1284 1889 1468 1918 ambulando
1491 1890 1652 1925 moventis,
1676 1897 1753 1927 quae
1776 1890 1953 1919 coniectura
1973 1890 2055 1919 haud
2079 1880 2146 1919 scio

195 1963 235 1985 an
259 1953 408 1984 Fickerto
432 1950 529 1981 invito
552 1949 583 1978 in
607 1945 807 1978 annotatione
831 1944 996 1974 exciderit:
1032 1945 1063 1982 2)
1087 1944 1196 1974 deinde
1227 1945 1408 1982 reprimere
1432 1960 1470 1964 -
1493 1944 1623 1973 interest
1645 1944 1724 1974 enim
1747 1944 1827 1974 inter
1848 1945 2014 1983 reprimere
2036 1953 2141 1975 vocem

196 2016 227 2041 et
249 2011 424 2049 deprimere
448 2015 570 2036 vocem:
606 2004 665 2034 hoc
695 2002 787 2037 facit,
824 2001 872 2038 qui
906 2009 1010 2030 vocem
1041 2004 1168 2038 propter
1199 2001 1363 2031 demissum
1394 2001 1526 2030 animum
1556 2000 1603 2030 vel
1627 2001 1755 2032 similem
1778 2001 1871 2031 animi
1904 2001 2141 2032 commotionem

194 2067 335 2103 remittit,
360 2065 447 2100 illud,
472 2063 522 2101 qui
545 2064 643 2096 cavet,
668 2068 705 2089 ne
729 2066 786 2087 vox
810 2057 933 2087 nimium
959 2057 1095 2093 insurgat
1118 2061 1274 2094 curatque,
1298 2060 1331 2086 ut
1347 2056 1480 2086 recreari
1495 2057 1603 2094 possit,
1627 2057 1657 2087 id
1680 2058 1761 2096 quod
1783 2057 1988 2088 ambulantem
2012 2057 2141 2088 maxime

192 2124 294 2154 decet.
319 2125 455 2152 ceterum
487 2117 627 2149 deinde
651 2114 838 2153 deprimere
862 2117 909 2141 est
932 2115 1138 2148 κακοφωνιά,
1160 2112 1293 2141 fortasse
1317 2121 1352 2142 ex
1377 2112 1587 2150 dittographia
1609 2113 1718 2142 oborta
1730 2112 1777 2152 *):
1813 2114 1845 2152 3)
1869 2114 1981 2143 buccas
2003 2114 2142 2143 cantis

193 2196 233 2202 —
250 2176 433 2217 perstringit
456 2175 536 2205 enim
561 2173 680 2203 Seneca
702 2179 812 2200 novum
836 2169 960 2206 aliquod
984 2168 1208 2206 phonascorum
1231 2177 1341 2204 genus,
1377 2168 1443 2206 qui,
1475 2168 1556 2197 haud
1580 2168 1643 2197 scio
1666 2177 1704 2198 an
1731 2168 1947 2199 Demosthenis
1969 2169 2142 2208 exemplum

192 2235 301 2271 secuti,
325 2231 548 2270 discipulorum
571 2236 678 2257 vocem
702 2226 795 2255 etiam
818 2225 848 2253 in
873 2224 1057 2253 ambulando
1081 2222 1258 2259 formarent,
1293 2223 1456 2252 buccarum
1479 2230 1598 2261 quoque
1620 2227 1734 2254 motum
1757 2225 1787 2254 in
1810 2225 1910 2255 eundo
1932 2224 2142 2261 observantes,

190 2296 224 2322 ut
247 2294 336 2321 erant
359 2288 578 2319 aestimatores
601 2283 767 2313 fastidiosi.
811 2281 942 2310 Edonas
965 2289 1037 2309 vero
1054 2280 1164 2309 latenas
1189 2280 1340 2323 quomodo
1357 2280 1594 2317 interpretemur
1609 2279 1761 2317 hocloco,
1785 2281 1833 2310 vel
1857 2282 1968 2311 baccas
1983 2283 2012 2311 et
2028 2281 2142 2316 dentes,

189 2353 223 2379 ut
248 2356 316 2378 cum
341 2346 476 2377 Grutero
499 2342 596 2373 voluit
621 2338 882 2375 Schweighausor‚
907 2345 1015 2366 vereor
1038 2346 1073 2365 ne
1098 2336 1196 2374 possit
1220 2336 1322 2366 dicere
1346 2344 1444 2365 nemo,
1467 2352 1507 2356 —
1538 2335 1620 2373 Quas
1651 2337 1835 2367 mutationes
1864 2340 1947 2367 certe
1977 2335 2143 2367 facillimas

189 2406 239 2445 qui
263 2401 459 2443 probaverit,
496 2398 587 2428 facile
611 2396 762 2426 concedet
785 2394 954 2424 orationem
979 2392 1183 2431 aequabiliter
1206 2393 1249 2422 ita
1277 2391 1444 2430 profluere,
1478 2395 1512 2421 ut
1534 2399 1685 2430 nunquam
1707 2393 1745 2423 ab
1769 2393 1943 2424 ambulandi
1966 2393 2144 2432 praeceptis

187 2461 330 2493 recedat.

355 2517 403 2551 15,
429 2515 457 2543 8.
492 2513 579 2549 Ersso
605 2513 758 2545 'seruaque
783 2509 915 2545 impetus
938 2507 994 2535 tila·
1017 2507 1116 2535 animi
1144 2506 1295 2539 suaserit,
1327 2505 1414 2534 modo
1447 2504 1651 2535 vehementius
1678 2506 1744 2542 fac
1774 2507 1927 2537 ricinis
1956 2508 2139 2544 com-iciam,

187 2575 275 2605 ntoda
300 2571 427 2605 lentius,
449 2569 543 2606 prom
568 2576 622 2594 rar
645 2573 764 2602 quoquc
787 2565 813 2592 te
835 2563 1011 2592 hortabitur
1041 2565 1075 2590 cl
1106 2563 1227 2591 latus,
1261 2572 1287 2590 m
1299 2573 1314 2589 a
1325 2561 1454 2595 desta,
1486 2569 1554 2590 cum
1586 2562 1763 2599 recipies
1795 2563 1884 2592 illanc
1912 2564 2135 2600 revocarisquc,

349 2692 383 2724 ³)
404 2691 433 2718 in
455 2688 581 2724 optimae
608 2692 694 2713 notae
720 2683 821 2711 codice
842 2692 860 2718 p
888 2681 1021 2716 seriptum
1044 2686 1086 2707 est
1106 2691 1253 2720 premere,
1278 2682 1441 2719 reprimere
1467 2684 1510 2706 est
1536 2680 1562 2706 in
1589 2681 1729 2708 nonnullis
1749 2682 1905 2717 codicibus,
1935 2691 2053 2716 quorum
2074 2692 2141 2709 auc-

182 2746 285 2774 toritas
305 2752 361 2770 non
384 2750 499 2777 prorsus
520 2738 680 2775 spernenda
702 2736 825 2762 videtur.
