2383 3039
1172 87 1209 116 13

209 196 371 226 codicibus
395 199 458 225 est:
497 195 628 233 anyelas
658 203 713 233 pro
744 204 784 224 an
816 195 968 225 aemulas.
1012 195 1138 225 Rectam
1168 195 1227 225 loci
1258 195 1437 232 corrigendi
1472 195 1550 224 viam
1574 194 1724 233 patefecit
1746 196 1887 233 Madvig,
1922 205 1989 226 cum
2014 197 2166 226 scriberet

211 253 350 291 Epicure
374 251 426 291 (cf.
451 261 499 290 ep.
523 253 572 289 97,
600 251 650 290 15)
681 260 718 281 ac
747 251 924 281 dubitanter
952 251 1080 282 adderet
1111 254 1194 282 retas
1225 261 1280 290 pro
1304 251 1447 290 anyelas.
1498 250 1560 282 Sed
1591 254 1724 282 veterem
1755 260 1922 290 pauperem
1954 253 2058 283 nescio
2090 252 2163 291 quid

211 307 315 345 frigidi
339 308 453 337 habere
476 316 564 336 nemo
587 316 647 336 non
670 307 762 336 videt.
809 307 1006 337 Scribendum
1030 312 1104 345 puto
1135 317 1190 337 nee
1221 317 1290 346 eqo,
1326 308 1480 344 Epic-are,
1519 317 1560 336 an
1593 317 1707 345 cycnus
1730 307 1789 345 (vel
1815 309 1918 346 eyens)
1948 309 2002 338 iste
2026 319 2160 346 pauper.

212 363 331 401 Nempe
354 367 461 400 argute
487 363 604 393 Seneca
627 364 789 401 distinguit
810 363 895 393 illum
919 363 968 401 qui
991 363 1021 392 in
1045 364 1159 393 divitiis
1182 372 1299 402 pauper
1322 368 1369 394 est
1393 364 1434 402 (v.
1449 366 1560 402 supra)
1582 364 1602 393 i.
1617 372 1643 393 e.
1660 363 1710 402 qui
1723 364 1861 401 quamvis
1884 364 1968 394 dives
1992 374 2161 404 pauperum

212 419 242 448 in
266 419 388 449 modum
413 427 445 448 se
468 420 555 456 gerit,
581 423 611 449 et
633 420 723 449 istum
746 420 783 449 ab
807 406 940 458 Epicuro
963 419 1129 455 laudatum,
1153 420 1203 457 qui
1226 429 1259 449 re
1282 428 1354 450 vera
1378 429 1491 456 egenus
1515 423 1571 449 est.

372 476 421 512 21,
447 476 473 504 6.
504 476 710 513 anseanqae
733 476 764 504 in
788 476 924 505 mediam
945 474 1072 510 fortuna
1092 475 1242 512 protulit,
1275 476 1450 512 quic-imque
1486 476 1625 505 membra
1656 485 1693 505 ae
1716 477 1826 512 partes
1855 476 1980 505 alienae
2002 478 2160 514 potentiae

210 529 256 566 fu
267 540 282 560 e
293 540 308 560 ν
318 540 336 560 a
346 540 367 560 n
378 533 400 567 t,
424 530 532 561 horam
555 532 661 570 yratia
684 531 809 571 viquit]
854 531 1039 561 Monendum
1063 534 1110 560 est
1133 531 1357 560 Gloecknerum
1371 530 1401 570 *)
1427 535 1510 560 recte
1535 531 1651 561 vidisse
1674 531 1868 561 scribendum
1892 540 1974 561 esse:
1997 532 2137 568 fecerant.

371 588 418 624 21,
444 588 461 617 9
486 596 530 626 sq.
563 588 739 618 Orationem
763 597 780 617 a
803 587 937 618 librariis
959 587 1111 617 turbatam
1136 587 1257 625 Haupt,
1282 595 1341 625 qua
1364 590 1430 616 erat
1454 588 1644 624 sagacitate,
1669 587 1713 616 ita
1737 588 1914 624 coustituit,
1939 592 1972 617 ut
1994 589 2158 619 maximam

208 647 327 682 partem
359 643 449 674 facile
481 644 696 682 eleganterque
729 648 847 681 currat,
888 653 954 674 cum
979 643 1085 673 scribit
1114 645 1142 672 ct
1162 652 1273 680 sequor
1295 643 1377 680 qaod
1395 643 1503 680 probo.
1543 652 1575 672 eo
1599 643 1747 673 libentius
1768 643 1906 681 Epicuri
1927 646 2052 683 eyreyia
2075 647 2158 676 dicta

207 710 423 737 commemoro,
461 703 493 731 at
515 702 598 737 istis,
634 701 687 739 qai
709 702 750 731 ad
780 701 900 731 illam
932 699 1117 738 eonfaye'ant
1145 709 1198 737 spe
1227 699 1312 729 mala
1345 699 1480 736 inducti,
1519 700 1589 737 qui
1622 699 1887 731 velamentum
1920 702 1967 732 ab
1999 703 2087 740 ipso
2116 712 2157 734 se

209 757 404 787 rilioram
436 766 598 786 suoram
628 757 846 786 habituros
877 756 1133 790 existimant,
1164 756 1292 792 probem
1316 764 1506 792 quocumque
1530 756 1623 785 ierint
1644 756 1766 785 honeste
1788 766 1853 786 esse
1875 758 2051 787 viz-endam.
2086 769 2155 789 eam

206 813 324 841 adieris
354 813 493 843 lamellas
523 816 550 843 et
584 813 790 849 inscripta
802 823 830 842 m
866 813 1030 842 videris
1062 811 1245 841 hortulis
1282 810 1423 848 ..hmpeffi
1458 811 1510 840 hic·
1532 811 1607 841 bene
1629 812 1768 841 manebis
1792 837 1797 842 .
1823 838 1828 842 .
1855 838 1860 842 .
1886 816 1912 842 .“
1931 816 2073 851 paratus
2095 816 2156 846 erit

213 867 302 898 istius
325 869 476 898 dome'eile'e'
497 870 597 898 elisios
621 892 625 897 .
652 892 657 897 .
684 893 689 897 ,
715 892 720 896 .
746 869 772 896 et
794 870 821 897 ie
838 867 967 905 polenta
990 867 1117 904 excipiet
1140 891 1145 895 .
1171 891 1176 895 .
1202 891 1207 895 .
1255 866 1315 895 Sed
1339 866 1475 904 quamvis
1498 866 1552 895 illa
1583 867 1623 896 ad
1646 868 1866 897 sententiarum
1890 869 2153 900 continuationem

204 925 364 961 aptissima
386 926 543 954 arrideant
566 925 753 961 legentibus,
788 929 891 953 tamen
914 923 1069 953 fatendum
1094 927 1141 952 est
1164 923 1301 952 codicum
1325 923 1510 952 auctoritate
1534 922 1667 960 defendi,
1702 924 1727 953 si
1752 924 1912 962 scribatur,
1946 927 2028 963 quod
2052 927 2152 965 ipsum

205 982 289 1010 certe
305 980 379 1010 nihil
396 984 498 1010 movet
513 980 694 1019 suspicionis
719 980 795 1009 illa
819 984 849 1009 et
872 982 982 1018 postea
1004 979 1072 1015 qai
1096 978 1321 1007 velamenta
1346 978 1435 1015 ipsa
1459 977 1493 1016 [i.
1508 986 1534 1007 e.
1548 978 1682 1016 illaipsa
1695 978 1819 1017 Epicuri
1835 980 1933 1020 dicta]
1959 982 2151 1013 citiorum

202 1045 298 1066 saer
308 1046 326 1066 a
338 1047 364 1066 m
389 1038 606 1067 habituros
628 1046 665 1066 se
688 1037 938 1066 existimant.
974 1035 1051 1065 Nam
1069 1035 1149 1072 quod
1175 1038 1248 1070 ,βᾶ-
1275 1035 1304 1063 in
1321 1034 1460 1072 plurimis
1475 1034 1562 1064 libris
1578 1035 1637 1065 hoc
1653 1039 1737 1065 certe
1753 1036 1821 1066 loco
1838 1046 1898 1067 non
1915 1038 2077 1076 invenitur,
2102 1041 2151 1070 cui

203 1092 326 1121 tandem
351 1092 491 1121 videatur
513 1092 620 1121 mirum
644 1092 801 1127 cogitanti,
825 1099 914 1129 quam
937 1089 1028 1119 facile
1051 1090 1131 1118 inter
1156 1092 1205 1124 .,s“
1231 1093 1262 1118 et
1288 1092 1339 1124 .,e⁴'·'
1364 1090 1497 1118 litteram
1520 1091 1657 1127 potuerit
1679 1091 1823 1121 excidere
1846 1094 1910 1122 se?
1954 1094 1988 1122 In
2011 1099 2151 1124 extrema

205 1156 278 1177 vero
308 1148 458 1178 orationis
488 1151 576 1186 parte
606 1148 655 1177 vix
679 1146 835 1177 ferendam
866 1155 933 1176 esse
963 1146 1186 1176 traductionem
1209 1145 1347 1175 hortulos
1370 1162 1409 1166 —
1433 1145 1565 1175 hortulis
1589 1146 1656 1184 quis
1679 1150 1726 1176 est
1749 1148 1821 1185 quin
1844 1148 1973 1179 videat?
2018 1149 2065 1180 Ne
2089 1151 2150 1189 ipsi

202 1203 323 1241 quidem
347 1203 482 1242 Hauptio
505 1203 582 1233 haee
605 1204 643 1234 ab
667 1204 748 1233 omni
770 1207 858 1242 parte
881 1201 1114 1238 satisfecerunt,
1148 1204 1181 1230 ut
1211 1201 1344 1230 hortulis
1374 1199 1504 1231 fortasse
1536 1201 1728 1232 abiciendum
1761 1212 1829 1233 esse
1860 1208 1994 1243 putaret.
2041 1206 2149 1246 ltaque

201 1267 268 1288 cum
292 1259 322 1288 in
346 1260 449 1289 multis
471 1260 503 1289 u.
526 1269 597 1289 mss.
621 1263 744 1297 praeter
766 1259 843 1288 illud
866 1258 1006 1288 adieritis
1029 1258 1075 1286 vel
1100 1257 1197 1286 simile
1219 1257 1351 1294 aliquid,
1386 1257 1466 1294 quod
1490 1257 1595 1295 Haupt
1618 1259 1748 1288 mutavit
1771 1260 1801 1288 in
1825 1261 1959 1297 adieris,
1992 1263 2085 1292 etiam
2109 1264 2151 1294 sit

201 1314 362 1344 audierint
383 1315 430 1344 vel
455 1315 554 1345 simile
577 1316 658 1353 quid,
683 1315 762 1352 quod
787 1313 877 1344 facile
900 1314 1000 1352 potuit
1023 1313 1096 1342 oriri
1120 1321 1156 1341 ex
1180 1322 1216 1341 ae
1231 1313 1361 1341 vriderini‘
1382 1312 1428 1342 vel
1452 1313 1602 1342 similibus
1624 1314 1736 1351 verbis,
1760 1318 1836 1353 puto
1860 1317 2055 1347 scribendum
2080 1327 2149 1349 esse

200 1379 268 1400 eam
292 1371 410 1400 adieris
432 1372 571 1401 hortulos
594 1381 630 1400 ae
654 1371 769 1400 rideris
792 1370 978 1407 inscriptam
997 1371 1142 1406 portae
1169 1369 1248 1398 iiia
1263 1369 1300 1398 la
1311 1378 1340 1398 m
1364 1367 1417 1405 (cf.
1441 1368 1470 1398 d.
1495 1370 1522 1405 7,
1550 1370 1596 1406 13,
1621 1370 1638 1399 3
1664 1370 1774 1400 titulus
1796 1371 1900 1409 itaque
1922 1372 2069 1404 honestus
2091 1375 2149 1405 eli—

199 1427 294 1463 yalur
317 1428 344 1454 et
366 1427 528 1463 inscriptio
551 1427 691 1456 oscitans
714 1427 877 1463 animam),
902 1426 960 1454 nisi
983 1425 1054 1453 olim
1077 1424 1135 1453 fuit
1159 1425 1199 1453 in
1221 1425 1359 1460 fronte
1382 1424 1559 1453 titulum.

362 1482 410 1519 22,
438 1484 463 1512 1.
498 1482 658 1521 Quaedam
688 1491 752 1511 non
781 1481 848 1511 πίει·
876 1480 1111 1520 [praesenti
1138 1479 1179 1519 a]
1203 1481 1424 1517 praesente
1454 1480 1694 1521 monstrantur]
1739 1482 1835 1513 Recte
1858 1484 1937 1514 vidit
1961 1483 2145 1517 Schulthess

200 1536 244 1574 (p.
260 1538 314 1575 43)
339 1538 520 1575 simpliciter
542 1538 734 1567 scribendum
758 1546 825 1566 esse
842 1537 1011 1574 praesenti,
1035 1536 1149 1565 collato
1172 1536 1350 1565 absentibus
1373 1535 1390 1573 ξ
1413 1536 1442 1565 2.

361 1594 410 1630 22,
438 1596 484 1624 11.
532 1594 642 1624 Omnes
675 1594 815 1624 Zenones
848 1595 875 1623 et
910 1591 1078 1630 Chrysippi
1109 1591 1277 1627 moderata,
1310 1590 1446 1628 honesta,
1477 1593 1533 1622 tna
1563 1593 1764 1634 suadebunt]
1832 1595 1866 1626 In
1889 1597 1995 1628 multis
2018 1597 2050 1628 11.
2073 1607 2147 1629 mss.

198 1648 297 1686 iisque
331 1649 422 1678 etiam
458 1650 582 1687 opt-imis
614 1650 736 1679 videtur
769 1649 877 1678 deesse
911 1650 973 1677 tna.
1031 1647 1146 1675 Contra
1179 1655 1197 1675 a
1230 1647 1369 1684 plurimis
1402 1647 1528 1676 additur
1560 1650 1589 1677 et
1625 1653 1697 1686 post
1729 1651 1900 1681 moderata.
1958 1653 2016 1690 Qui
2054 1655 2145 1690 „tua‘

200 1704 345 1741 scribunt,
370 1713 423 1733 eos
446 1704 574 1734 Fickert
596 1708 684 1742 putat
707 1705 751 1734 sic
773 1703 986 1742 interpretari:
1011 1710 1088 1740 quae
1110 1710 1180 1732 vere
1203 1705 1273 1731 sunt
1294 1706 1348 1731 tua
1369 1710 1468 1740 neque
1490 1702 1521 1732 in
1545 1698 1673 1734 alterius
1689 1708 1877 1743 potestatem
1894 1713 2026 1746 possunt
2042 1711 2147 1741 venire

199 1758 291 1797 idque
314 1759 402 1789 Koch
426 1759 460 1798 (l.
483 1759 504 1788 1.
528 1760 602 1799 715)
632 1764 720 1797 putat
743 1759 866 1789 defendi
888 1766 980 1796 posse
1002 1758 1072 1787 aliis
1094 1758 1170 1786 locis
1192 1761 1226 1786 ut
1249 1758 1297 1793 72,
1322 1758 1339 1786 8
1371 1757 1491 1786 laetitia
1522 1758 1645 1794 fruitur
1674 1762 1831 1797 maxima,
1867 1764 2034 1800 continua,
2071 1775 2146 1795 sua

205 1816 254 1851 75,
281 1816 317 1844 18
343 1816 572 1845 inaestimabile
594 1817 705 1845 bonam
730 1818 773 1845 est
802 1824 916 1844 sunm
944 1814 1022 1850 fieri.
1089 1813 1182 1850 Quasi
1212 1822 1284 1842 vero
1315 1812 1377 1842 una
1407 1813 1529 1843 ratione
1559 1823 1631 1844 vere
1662 1816 1804 1847 concludi
1833 1820 1950 1856 possit,
1986 1821 2037 1850 ubi
2067 1830 2147 1852 sans

195 1870 325 1907 dicatur,
360 1870 402 1900 ibi
436 1871 544 1901 eodem
577 1872 642 1901 iure
675 1873 761 1901 testem
795 1870 865 1900 dici.
908 1868 1006 1899 Immo
1042 1869 1195 1899 claudicat
1228 1868 1454 1906 interpretatio,
1495 1877 1553 1899 nec
1586 1871 1696 1901 melius
1731 1876 1787 1909 est,
1821 1875 1903 1912 quod
1926 1875 2055 1914 Madvig
2077 1886 2145 1908 cor-

197 1928 277 1958 rexit
299 1930 375 1958 tata.
422 1928 549 1965 Quando
567 1928 645 1958 enim
663 1928 836 1958 Stoicorum
858 1926 1013 1965 principes
1036 1926 1068 1956 id
1091 1928 1226 1962 egerunt,
1251 1927 1293 1961 ut,
1317 1932 1394 1962 quae
1412 1928 1480 1955 tuta
1494 1929 1608 1964 essent,
1633 1936 1703 1965 non,
1728 1936 1807 1967 quae
1823 1930 1969 1962 virtute-m
1986 1933 2144 1973 decerent,

194 1984 433 2021 praeciperent?
476 1983 586 2022 Itaque
609 1985 801 2014 scribendum
825 1987 880 2020 est,
915 1987 949 2012 ut
970 1983 1067 2012 voluit
1088 1981 1216 2011 Fickert
1237 1980 1396 2010 moderata
1420 1983 1448 2011 et
1469 1981 1598 2012 honesta
1620 1984 1806 2015 suadebant.
1831 1989 1887 2017 tua
1911 1998 1983 2019 vero
2007 1991 2145 2029 spurium

195 2039 226 2069 in
249 2040 369 2069 modum
394 2048 430 2069 ex
453 2057 494 2062 —
517 2042 548 2070 ta
571 2043 602 2070 et
624 2049 684 2070 sna
705 2056 746 2061 —
768 2039 890 2069 videtur
912 2038 1162 2068 contaminatum.

358 2096 406 2133 22,
433 2097 481 2126 17.
514 2096 595 2133 quod
618 2097 729 2126 inanes
751 2096 889 2125 omnium
912 2095 1063 2125 bonoram
1084 2102 1201 2128 samus,
1226 2093 1335 2122 ritae
1358 2093 1567 2133 laboramus]
1613 2094 1758 2133 Madvig:
1793 2107 1869 2129 usa
1892 2101 2020 2138 vitae,
2044 2103 2143 2141 speci-

196 2152 280 2181 osius
302 2160 392 2189 quam
414 2152 526 2188 verius,
557 2153 651 2182 nimia
673 2152 842 2188 sagacitate
863 2151 894 2180 in
916 2151 949 2180 11.
972 2159 1043 2180 mss.
1065 2149 1147 2179 vitiis
1169 2148 1342 2178 iudicandis
1365 2149 1518 2179 inductus.
1564 2150 1641 2187 Quis
1670 2155 1719 2182 est
1748 2154 1845 2192 enim,
1881 2156 1932 2194 qui
1955 2165 2015 2187 non
2038 2159 2145 2190 videat

196 2206 287 2238 facile
320 2208 401 2238 inter
432 2216 524 2238 —us
547 2211 578 2238 et¹
599 2208 688 2238 ni—
720 2207 862 2237 excidere
894 2206 1032 2245 potuisse
1066 2214 1135 2235 usa.
1191 2204 1233 2234 At
1256 2204 1410 2234 sententia
1433 2203 1620 2242 infringitur.
1677 2206 1812 2239 Primum
1835 2211 1915 2241 enim
1938 2211 1969 2242 in
1992 2212 2143 2252 Madvigii

193 2264 297 2294 verbis
319 2264 400 2293 inest
422 2264 593 2301 tautologia
616 2264 781 2302 quaedam,
816 2263 913 2301 quod,
949 2263 999 2300 qui
1022 2262 1121 2291 inanis
1151 2264 1198 2290 est
1220 2260 1355 2290 omnium
1377 2260 1544 2299 bonorum,
1580 2270 1649 2293 eum
1673 2268 1758 2295 certe
1780 2275 1837 2304 per
1859 2276 1892 2297 se
1915 2272 2038 2299 constat
2059 2271 2144 2301 vitae

194 2328 253 2349 usn
268 2319 410 2350 laborare
425 2319 484 2357 vel,
507 2323 541 2350 ut
563 2319 607 2350 ait
622 2319 756 2357 Madvig,
779 2318 859 2349 male
877 2326 914 2348 ea
928 2326 1014 2348 usum
1030 2325 1107 2347 esse.
1132 2315 1249 2346 Deinde
1271 2323 1345 2345 vero
1369 2316 1567 2347 statuendum
1591 2322 1640 2348 est
1662 2318 1814 2352 Senecam
1836 2326 1929 2354 antea
1950 2326 2142 2365 exposuisse,

192 2384 286 2415 quam
308 2385 484 2415 perversum
508 2376 557 2413 sit,
582 2376 608 2406 si
631 2376 698 2415 quis
721 2384 846 2406 securus
868 2375 945 2405 mori
967 2383 1027 2404 non
1049 2373 1156 2412 possit,
1179 2372 1205 2401 si
1228 2372 1258 2401 in
1281 2372 1350 2410 ipso
1372 2371 1478 2402 limine
1501 2374 1690 2413 securitatis,
1714 2385 1804 2415 quam
1827 2387 1910 2410 mors
1932 2380 2031 2419 affert,
2055 2382 2139 2413 solli-

190 2432 274 2462 citus
297 2433 347 2462 sit.
391 2432 522 2463 Causam
544 2435 634 2471 putat
656 2440 723 2463 eam
746 2440 823 2470 esse,
847 2431 928 2470 quod
945 2439 1011 2460 cum
1028 2438 1073 2466 ea,
1096 2436 1173 2467 quae
1195 2436 1266 2457 vere
1289 2427 1372 2457 bona
1387 2428 1458 2466 sint,
1481 2428 1622 2460 homines
1645 2432 1704 2462 sibi
1727 2435 1862 2465 nondum
1885 2438 2140 2476 comparaverint,

195 2488 332 2526 quamvis
355 2496 444 2518 senes
466 2488 608 2519 laborent
630 2491 662 2518 et
683 2488 871 2518 contendant
893 2487 1003 2523 vivere,
1027 2489 1060 2515 ut
1081 2485 1163 2515 vitae
1184 2483 1334 2515 beneficio
1357 2484 1439 2515 bona
1460 2485 1516 2515 illa
1538 2487 1661 2525 possint
1683 2490 1855 2528 acquirere.
1897 2491 2009 2532 Itaque
2025 2494 2141 2533 siquid

194 2544 370 2574 addendum
394 2546 477 2581 erat,
511 2544 645 2574 debebat
667 2551 735 2574 esse
758 2544 793 2573 in
814 2552 908 2574 usum
930 2542 1049 2580 (vitae).
1093 2540 1155 2571 Sed
1178 2548 1245 2570 cum
1267 2539 1411 2570 laborare
1433 2540 1527 2571 alicui
1550 2543 1596 2572 rei
1619 2544 1713 2574 etiam
1737 2553 1756 2575 a
1778 2545 1928 2578 Cicerone
1950 2549 2073 2580 dicatur
2095 2550 2141 2589 (in

159 2605 162 2607 ’
190 2599 280 2630 Verr.
304 2601 331 2636 2,
357 2602 384 2638 3,
409 2599 426 2640 ξ
451 2600 525 2639 121)
548 2609 609 2630 non
633 2603 689 2637 est,
713 2609 767 2630 cur
789 2599 925 2630 Senecae
948 2598 1083 2636 argutias
1105 2600 1265 2627 mutemus.

354 2716 387 2752 ⁸)
407 2715 524 2749 Quaest.
546 2717 691 2745 Annaean.
715 2717 796 2745 1877.
816 2726 844 2752 p,
859 2717 886 2744 9.
