2383 3039
1174 105 1192 134 6

205 213 373 242 amicitiam
395 212 455 248 fert
478 212 569 242 illum
592 213 686 243 nulla
711 213 836 242 utilitas
860 220 929 248 sica,
954 214 1007 241 sed
1029 213 1186 242 naturalis
1210 213 1352 242 irritatio
1376 215 1403 242 et
1425 200 1570 250 ‹opieiitio
1594 213 1756 243 societatis.
1795 213 1944 251 quomodo
1967 213 2103 243 solitudo
2126 214 2162 244 in

204 269 307 298 odium
332 270 376 298 est
401 277 445 305 sq.

368 326 415 362 12,
441 327 469 355 5.
501 326 731 356 iucundissimo
765 327 810 355 est
840 327 927 355 aetas
957 325 1070 355 dee-exa
1101 326 1181 361 iam,
1216 335 1277 355 non
1312 328 1415 355 tamen
1439 334 1602 363 praeceps.
1647 327 1674 355 et
1703 325 1793 356 illam
1815 335 1935 364 quoque
1965 326 1997 355 in
2027 327 2161 357 extrema

202 390 243 411 re
250 380 345 419 qula
376 383 508 411 stantem
539 381 643 412 iudico
673 382 784 411 habere
806 390 891 411 snas
915 380 1106 421 mandates]
1152 381 1230 419 Quid
1255 381 1315 411 sibi
1338 381 1412 411 velit
1436 380 1553 412 Seneca
1576 384 1608 410 et
1630 381 1725 411 totius
1749 381 1898 420 epistulae
1922 390 1959 412 ex
1982 385 2161 419 argumento

204 437 280 467 satis
304 438 502 474 cognoscitur
526 441 557 467 et
579 447 616 468 ex
640 438 717 467 locis
740 437 891 467 similibus
914 441 948 467 ut
972 439 1020 475 26,
1047 439 1060 467 l
1095 439 1175 467 inter
1203 438 1374 475 decrepitos
1404 447 1450 467 me
1478 446 1611 467 numera
1641 439 1669 467 et
1699 440 1834 467 extre-ma
1856 440 2026 477 tangentes.
2071 439 2161 476 Quali

204 497 306 523 autem
337 494 538 524 similitudine
568 504 641 524 usus
672 495 721 530 sit,
754 502 821 523 cum
851 495 981 524 maxime
1002 495 1181 531 anquiritur.
1226 495 1304 524 Nam
1336 502 1413 531 quae
1437 494 1560 532 Lipsius
1592 497 1623 524 et
1653 495 1692 524 ad
1723 494 1803 524 bunc
1824 495 1925 525 locum
1948 498 1979 525 et
2001 495 2041 525 ad
2064 496 2114 532 49,
2138 497 2157 526 4

207 550 303 587 „qum
326 550 486 579 admoveri
510 550 609 580 lineas
631 550 746 580 senti&
777 548 896 585 adfert,
924 558 960 579 ea
983 550 1102 587 quidem
1127 551 1257 588 probant
1281 550 1428 579 Senecam
1452 550 1589 587 potuisse
1613 550 1651 579 de
1674 552 1812 579 extrema
1834 549 1917 579 linea
1939 550 2034 580 verba
2056 549 2160 580 facere

204 610 238 636 ut
261 606 374 636 Graeci
402 607 583 645 saepissime
613 607 746 644 γραμμῇ
770 607 817 636 usi
843 606 921 642 sint,
954 607 1008 636 sed
1035 607 1229 644 „rmulM‘
1255 607 1418 636 lectionem
1443 606 1565 637 minime
1589 605 1813 636 commendant.
1858 605 1937 636 Nam
1960 607 2000 637 ad
2023 606 2160 644 regulam

205 663 322 699 aliquid
346 664 459 700 corrigi
482 663 596 693 dicitur
619 662 682 700 (ep.
698 664 745 699 11,
773 662 823 700 10)
847 670 908 692 uon
932 663 1043 698 regulis
1067 666 1210 699 tanquam
1233 663 1371 693 terminis
1394 663 1510 700 aliquid
1534 662 1752 693 circumscribi.
1796 661 1924 692 Poterat
1947 663 2040 700 igitur
2061 672 2161 702 prope

204 719 309 758 potius
332 719 430 750 videri
457 718 610 758 „teyzcla“,
646 718 677 748 id
701 718 782 756 quod
807 717 1020 748 nonnullorum
1045 718 1184 748 codicum
1207 718 1392 749 auctoritate
1416 716 1574 749 defensum
1597 717 1722 757 Lipsius
1752 717 1797 747 sic
1828 721 1957 749 conatus
1988 722 2036 749 est
2064 718 2159 749 inter-

204 776 323 814 pretari
347 776 456 813 „quasi
478 776 580 814 lapsui
603 775 742 804 vicinam.
789 774 868 803 Nam
891 774 1034 804 instabile
1059 775 1098 804 ibi
1124 779 1155 804 et
1177 775 1356 814 suspensum
1379 775 1550 813 vestigium,
1575 776 1605 805 in
1629 774 1773 804 extremis
1796 774 1866 804 dico
1889 775 1991 805 tectis.
2035 775 2097 805 Alii
2120 775 2160 806 ad

205 836 322 869 guttam
357 833 538 871 adspectum
574 834 700 870 putant,
737 839 815 868 quae
839 839 949 859 casura
973 831 1071 860 adhuc
1096 831 1136 860 ibi
1160 832 1304 869 pendet“.
1349 832 1464 861 Tamen
1488 835 1519 861 et
1541 831 1609 868 ille,
1637 839 1696 860 non
1720 830 1850 867 nescius,
1875 839 1965 868 quam
1988 832 2098 870 putida
2119 832 2162 861 sit.

205 888 433 926 interpretatio,
458 888 518 917 hoc
540 887 686 925 reprobat
711 890 742 916 et
764 886 899 923 Madvig,
924 887 974 923 qui
998 887 1127 923 dubitat,
1152 896 1190 917 an
1214 888 1407 917 scribendum
1430 888 1471 917 sit
1494 887 1704 925 „specula“
1729 886 1821 925 (Adv.
1846 887 1884 924 11,
1910 888 1985 926 464)
2013 888 2160 926 additque

208 945 315 982 „quasi
346 945 386 974 ad
416 947 547 974 mortem
578 943 803 980 prospiciens“,
838 946 871 972 ut
894 951 931 972 ne
954 943 1029 973 illud
1053 944 1174 980 quidem
1205 952 1332 981 prorsus
1355 948 1520 982 appareat,
1553 947 1653 974 utrum
1677 943 1834 981 parvulam
1858 943 1992 981 aliquam
2015 952 2100 982 spem
2123 952 2162 975 an

205 1001 388 1039 speculandi
411 1001 512 1030 locum
537 1000 651 1030 dictum
676 999 760 1028 velit.
804 998 973 1036 Utrumque
997 1002 1099 1029 tamen
1123 1000 1287 1030 claudicat.
1331 1000 1389 1030 Vix
1420 1000 1527 1030 dubito
1558 999 1630 1037 quin
1661 998 1875 1035 corrigendum
1898 999 1939 1029 sit
1969 999 2004 1029 in
2025 1001 2161 1030 extrema

204 1066 270 1087 rer
280 1066 299 1087 u
310 1066 337 1087 m
372 1057 487 1087 lineo
519 1057 651 1086 sonitem
666 1078 673 1090 ,
710 1058 743 1084 ut
766 1057 813 1083 est
836 1055 917 1092 apud
941 1055 1103 1084 Horatium
1127 1063 1174 1093 ep.
1202 1056 1227 1092 l,
1254 1057 1301 1092 16,
1327 1056 1365 1085 '79
1388 1056 1477 1085 Mors
1499 1055 1612 1085 ultima
1636 1055 1721 1084 linea
1745 1063 1850 1084 rerum
1874 1057 1925 1085 est.
1971 1055 2058 1084 Haec
2081 1055 2159 1084 enim

204 1114 299 1143 lectio
325 1117 356 1143 et
373 1113 524 1143 sescentis
547 1112 609 1141 illis
632 1112 710 1141 locis
734 1111 974 1148 commendatur,
1000 1111 1108 1148 quibus
1131 1112 1211 1140 linea
1236 1111 1385 1148 significat
1409 1111 1569 1141 terminum
1593 1110 1734 1148 aliquem,
1759 1110 1884 1148 calcem,
1909 1110 2008 1148 finem,
2033 1114 2063 1140 et
2079 1110 2160 1148 quod

205 1170 354 1201 facillime
376 1170 496 1200 librarii
521 1169 651 1199 alicuius
675 1167 860 1197 alucinantis
883 1176 978 1206 opera
1000 1166 1064 1196 fieri
1089 1168 1199 1206 potuit,
1223 1172 1256 1197 ut
1279 1177 1384 1198 rerum·
1407 1168 1489 1197 line«
1514 1169 1762 1206 corrumperetur
1783 1167 1813 1196 in
1837 1167 1956 1206 reyula.

372 1227 419 1264 12,
445 1227 472 1255 7.
498 1224 689 1265 [Heraclitus
715 1247 848 1259 .....
850 1233 945 1260 ,emus
969 1224 1041 1260 dies,
1067 1223 1173 1262 inquit,
1191 1234 1255 1262 par
1278 1224 1363 1253 omni
1386 1225 1457 1253 est‘fl
1503 1223 1570 1253 Hoc
1593 1223 1671 1252 alius
1695 1223 1787 1253 aliter
1809 1224 1946 1262 excepit:
1978 1223 2057 1253 dixit
2080 1224 2160 1254 euim

203 1293 310 1323 parem
335 1292 404 1313 esse
428 1282 524 1318 horis,
550 1290 607 1310 nec
631 1280 778 1309 mentitur
804 1303 810 1309 .
835 1304 841 1308 .
866 1279 887 1318 .]
933 1279 1029 1309 Alius
1053 1281 1097 1308 uit
1112 1290 1223 1317 parem
1249 1289 1313 1310 esse
1335 1290 1433 1310 unum
1456 1281 1537 1310 diem
1559 1280 1703 1310 omnibus
1724 1281 1950 1311 similitudine:
1974 1280 2058 1310 nihil
2078 1281 2160 1311 enim

205 1341 296 1371 habet
319 1338 498 1378 lonqissimi
520 1336 668 1375 temporis
691 1336 845 1374 spatium,
880 1336 962 1373 qnod
994 1345 1056 1366 non
1087 1338 1113 1366 e!
1144 1336 1174 1366 ln
1209 1345 1270 1367 uno
1301 1337 1349 1366 dic
1372 1337 1533 1372 invenias,
1569 1336 1665 1367 lucem
1690 1338 1718 1366 et
1739 1339 1854 1367 noctem
1878 1339 1907 1368 et
1927 1335 2000 1377 [in]
2022 1337 2162 1368 alternas

204 1397 314 1426 mundi
339 1396 435 1425 rives:
460 1394 588 1431 plura
618 1392 725 1428 fovit
756 1393 836 1422 ista
868 1402 942 1421 non
980 1393 1083 1428 alin,
1116 1393 1231 1422 alias
1261 1393 1531 1427 contractior,
1564 1393 1676 1422 alias
1701 1392 1972 1432 productior]
2019 1393 2089 1423 Dici
2111 1394 2161 1423 vix

204 1455 320 1491 potest,
345 1454 538 1489 quantopere
562 1450 612 1478 liic
635 1449 722 1478 locus
745 1450 785 1477 sit
807 1452 945 1478 vexatus.
990 1449 1158 1477 (Jommenti
1184 1449 1304 1485 quidem
1329 1452 1399 1478 sunt
1421 1450 1473 1477 alii
1491 1449 1562 1478 alia.
1590 1449 1679 1485 Legit
1696 1449 1835 1486 Lipsius:
1859 1448 1976 1487 [vices]
2005 1449 2162 1479 Planiora

204 1509 281 1545 facit
303 1509 363 1538 isia
386 1516 458 1543 ποι,
483 1507 567 1536 alias
590 1505 785 1539 contractior,
811 1505 894 1534 alias
917 1504 1109 1542 productior,
1145 1505 1268 1535 Gronov
1292 1507 1319 1534 e!
1343 1505 1374 1534 ίη
1399 1505 1539 1535 alternas
1562 1504 1672 1535 mnndi
1693 1504 1776 1535 vices
1792 1504 1895 1542 plura
1918 1503 1995 1540 facit
2017 1504 2076 1535 ista
2097 1514 2162 1535 non

205 1566 285 1600 aliu,
318 1564 401 1594 alias
424 1562 621 1596 contractior,
657 1561 741 1590 «lias
758 1560 952 1597 productior,
985 1568 1089 1597 quem,
1122 1565 1154 1589 ut
1178 1561 1249 1597 alii,
1282 1560 1408 1589 Fickert
1433 1564 1555 1589 secutus
1580 1563 1639 1589 est.
1696 1560 1766 1597 Sed,
1801 1560 1874 1598 quid
1897 1560 1958 1589 ista
1980 1561 2082 1589 omnia
2104 1561 2162 1590 sibi

204 1622 317 1658 velint,
353 1624 386 1650 ut
409 1619 625 1655 intellegatur,
662 1616 780 1653 magico
815 1624 890 1655 opus
925 1619 972 1646 est
1007 1619 1038 1645 ot
1073 1617 1241 1655 interprete
1273 1620 1303 1646 et
1326 1616 1451 1646 lectore.
1497 1616 1545 1646 Ne
1568 1616 1681 1647 multus
1704 1616 1760 1646 sim
1783 1616 1814 1646 in
1838 1625 1870 1647 re
1894 1615 2074 1647 manifesta:
2097 1624 2162 1647 om-

204 1677 294 1707 nibus
318 1675 471 1706 communi
495 1682 587 1703 sensu
610 1672 770 1711 praeditis,
795 1680 884 1709 quam
909 1671 1036 1702 confusa
1060 1673 1119 1702 sint
1143 1672 1244 1709 verba,
1269 1672 1349 1702 ultro
1374 1672 1547 1710 apparebit.
1593 1671 1755 1702 Sententia
1777 1681 1849 1702 vero
1873 1672 1950 1703 haec
1974 1677 2036 1704 est:
2072 1674 2161 1712 Quod

206 1732 384 1763 Heraclitus
398 1731 482 1767 dicit,
507 1738 597 1759 unum
612 1729 690 1758 diem
705 1729 785 1757 omni
798 1736 903 1765 parem
917 1736 993 1764 esso,
1018 1729 1070 1756 alii
1084 1729 1125 1757 ita
1139 1729 1390 1765 interpretantur,
1408 1732 1441 1757 ut
1456 1729 1644 1757 contendant
1667 1729 1744 1758 lucis
1768 1729 1927 1766 noctisque
1952 1730 2162 1761 vicissitudine

205 1799 312 1828 parem
326 1797 403 1825 esse,
415 1796 474 1825 quo
488 1788 517 1815 in
530 1794 641 1822 genere
655 1794 691 1814 ue
705 1786 882 1821 longissimo
897 1785 1017 1821 quidem
1031 1785 1178 1822 temporis
1192 1784 1302 1822 spatio,
1313 1788 1387 1821 puta
1400 1784 1663 1814 innumerabilium
1674 1793 1831 1821 annorum,
1841 1785 2007 1822 quidquam
2017 1789 2160 1824 mutetur,

206 1856 273 1876 curn
297 1846 351 1874 illa
374 1844 431 1874 sibi
456 1851 576 1880 semper
600 1845 721 1871 constet
744 1841 940 1871 vicissitudo:
975 1841 1049 1870 nihil
1074 1840 1154 1871 effici
1178 1840 1235 1870 nisi
1268 1844 1300 1870 ut
1324 1841 1507 1879 compluries
1530 1844 1698 1879 repetatur.
1757 1841 1844 1879 Quod
1867 1845 1901 1872 ut
1924 1842 2160 1881 demonstraret,

204 1904 329 1940 poterat
354 1900 471 1930 Seneca
495 1898 645 1928 scribere:
682 1898 780 1934 plura
803 1896 883 1932 fucit
907 1897 975 1932 ἰείη,
1012 1906 1074 1926 non
1098 1897 1162 1926 alia
1187 1896 1244 1934 [sc.
1268 1896 1437 1932 longissimi
1461 1897 1610 1934 temporis
1634 1896 1798 1936 spatiumJ:
1829 1897 1896 1928 dies
1920 1897 2067 1937 [tantum]
2090 1907 2162 1929 con—

205 1958 341 1993 tractior,
366 1956 447 1985 alias
464 1954 655 1993 prodw'lt'or,
681 1956 711 1983 et
734 1956 804 1982 sunt
826 1953 856 1982 in
880 1953 911 1983 ll.
928 1962 1000 1983 mss.
1023 1953 1161 1990 vestigia,
1187 1952 1296 1990 quibus
1320 1952 1396 1982 haec
1419 1952 1512 1983 lectio
1536 1952 1662 1992 probari
1685 1953 1796 1991 possit.
1831 1953 1931 1984 Multo
1954 1957 2057 1985 tamen
2079 1955 2159 1985 veri-

205 2014 334 2046 similius
358 2016 405 2043 est
427 2011 520 2042 verba
550 2010 634 2040 alias
665 2010 867 2046 commodior,
904 2011 987 2040 alias
1013 2009 1194 2048 productim·
1218 2009 1292 2038 nihil
1316 2009 1375 2038 nisi
1399 2010 1561 2039 oscitantis
1584 2010 1703 2040 librarii
1726 2010 1972 2040 additamentum
1997 2020 2081 2050 esse,
2105 2013 2157 2051 qui

204 2073 301 2101 locum
326 2071 382 2099 sibi
408 2069 564 2098 difficilem
589 2068 632 2096 sic
648 2068 805 2103 ingeniose
822 2068 984 2096 videbatur
1000 2065 1187 2096 enuelcasse.
1227 2066 1281 2094 Cui
1306 2067 1350 2095 rei
1374 2067 1450 2096 illud
1473 2075 1594 2104 quoque
1618 2068 1803 2096 documento
1825 2067 1948 2097 videtur
1971 2077 2048 2105 esse,
2073 2070 2154 2106 quod

203 2130 233 2158 in
256 2127 415 2166 permultis
439 2124 596 2155 codicibus
621 2123 707 2153 deest
731 2123 842 2160 ,‚alia“,
878 2123 909 2152 in
932 2123 1088 2153 nonnullis
1112 2123 1241 2160 „alias“,
1278 2122 1360 2160 quod
1384 2122 1533 2160 sequitur.
1599 2122 1718 2161 Nempe
1750 2123 1822 2153 olim
1852 2123 2028 2161 legebatur,
2057 2125 2161 2162 plura

201 2185 277 2222 fac-it
301 2184 375 2217 ista,
407 2191 472 2211 non
495 2180 578 2214 alia,
615 2187 693 2217 quae
723 2179 966 2217 subsequebatur
988 2177 1125 2215 σχόλιον
1158 2179 1223 2209 dies
1256 2179 1451 2215 contractior,
1486 2178 1570 2208 alias
1599 2178 1792 2215 productior,
1829 2183 1860 2209 et
1894 2188 1963 2210 cum
1984 2180 2157 2212 litterarum

202 2241 310 2270 ductus
325 2240 356 2268 in
372 2237 499 2267 vocibus
519 2236 618 2271 „‹lies“
638 2239 668 2264 et
688 2236 804 2269 ‚mlias“
824 2236 885 2264 sint
901 2236 1025 2272 similes,
1049 2244 1159 2272 magna
1174 2236 1245 2265 inde
1269 2235 1431 2265 verborum
1455 2234 1595 2264 confusio
1619 2235 1649 2264 in
1673 2236 1796 2264 codices
1819 2236 1942 2265 videtur
1963 2235 2157 2274 profluxisse.

365 2295 412 2331 13,
438 2296 466 2323 5.
490 2295 545 2323 md
567 2291 716 2329 rinyimns
739 2293 794 2321 an!
809 2291 1046 2331 praeeminens]
1071 2292 1174 2322 Etiam
1198 2291 1260 2321 alio
1283 2291 1353 2321 loco
1377 2291 1406 2320 in
1431 2290 1485 2320 illa
1501 2290 1635 2329 epistula
1652 2291 1765 2320 iustum
1782 2291 2004 2321 sententiarum
2020 2292 2158 2323 ordinem

199 2354 353 2383 turbatum
378 2359 446 2381 esse
469 2348 629 2379 admonuit
652 2347 782 2377 Bartsch
796 2346 836 2386 *)‚
869 2357 935 2378 cum
960 2357 1013 2385 ea,
1049 2357 1126 2386 quae
1150 2349 1181 2378 in
1204 2347 1263 2378 fine
1287 2346 1304 2387 ξ
1328 2348 1346 2376 4
1381 2347 1523 2384 leguntur
1566 2346 1656 2377 Illud
1685 2347 1742 2377 tibi
1765 2347 1931 2385 praecipio
1962 2356 2008 2386 sq.
2038 2348 2069 2378 in
2097 2347 2159 2380 fine

200 2409 356 2447 sequentis
386 2405 574 2445 paragraphi
598 2403 780 2434 collocanda
803 2413 869 2433 esse
893 2405 1029 2434 doceret.
1074 2405 1217 2434 Correxit
1240 2413 1307 2433 eum
1334 2403 1494 2433 Schultess
1518 2403 1552 2441 (1.
1576 2403 1596 2432 l.
1620 2404 1675 2441 42)
1700 2412 1767 2432 cum
1790 2403 1901 2433 iustius
1924 2403 1980 2433 illa
2001 2404 2096 2435 verba
2118 2405 2160 2436 ad

198 2467 287 2497 finem
305 2465 321 2505 ᾗ
339 2467 356 2495 7
373 2464 537 2501 relegaret.
573 2462 659 2499 Quae
684 2469 751 2490 cum
774 2461 818 2490 ita
840 2461 910 2499 sint,
935 2471 995 2491 non
1018 2462 1141 2492 videtur
1162 2461 1272 2491 mirum
1297 2469 1365 2491 esse
1389 2459 1491 2498 etiam,
1517 2468 1596 2499 quae
1612 2468 1706 2499 supra
1721 2459 1889 2499 posuimus,
1913 2462 2032 2492 mutato
2048 2461 2158 2493 ordine

198 2532 265 2554 esse
288 2520 430 2559 legenda.
479 2517 677 2547 Antecedunt
711 2517 790 2546 enim
838 2517 997 2555 Quaedam
1021 2528 1091 2556 erqo
1114 2527 1170 2547 nos
1193 2518 1297 2556 vmqis
1320 2519 1464 2554 torquem
1485 2525 1580 2554 (fleam
1603 2517 1719 2546 debent.
1743 2517 1899 2555 quaedam
1923 2520 1996 2548 ante
2017 2520 2161 2556 torquent

198 2589 289 2618 quam
314 2577 429 2611 debent,
454 2573 609 2612 quaedam
631 2574 781 2610 torquent,
805 2582 874 2602 eum
897 2574 1021 2602 omnino
1044 2584 1107 2604 non
1130 2575 1271 2604 debeant.
1316 2573 1424 2611 Itaque
1442 2574 1570 2610 Seneca,
1595 2582 1662 2603 cum
1680 2574 1851 2604 orationem
1868 2574 2010 2612 quamvis
2025 2573 2156 2605 fractam

197 2636 324 2667 multum
348 2638 451 2663 tamen
475 2630 648 2666 concinnet,
672 2638 731 2659 non
755 2629 877 2659 inverso
901 2630 1007 2660 ordine
1030 2630 1153 2660 videtur
1175 2630 1355 2669 scripsisse,
1380 2631 1462 2667 quod
1485 2630 1575 2668 vulgo
1600 2631 1747 2668 sequitur,
1771 2631 1826 2661 sed
1849 2632 1907 2661 aut
1928 2639 2081 2670 augemus
2102 2631 2158 2662 do-

198 2694 289 2722 larem
314 2692 370 2720 ant
385 2687 602 2727 praecipimus
625 2688 680 2716 unt
701 2686 859 2723 sinainms.
905 2686 983 2715 Nam
1007 2688 1196 2725 praecipitur
1219 2687 1325 2723 dolor,
1357 2687 1407 2724 qui
1430 2691 1502 2717 ante
1526 2690 1667 2724 torquet,
1692 2695 1783 2724 quam
1806 2687 1916 2724 debet,
1940 2685 2079 2724 fingitur,
2104 2687 2157 2725 qui

358 2797 391 2832 *)
412 2794 513 2830 Progr.
535 2792 620 2820 Ankl.
646 2792 727 2826 1870,
748 2791 778 2820 S.
793 2792 809 2817 9
825 2790 855 2819 ff.
