2383 3039
1203 48 1221 76 '7

232 154 357 185 omuino
380 161 441 184 non
463 153 567 184 debet.
610 152 795 190 Quibuscum
817 153 1002 184 conveniunt
1024 153 1116 184 etiam
1140 161 1219 195 quae
1242 157 1418 192 sequuntur.
1468 154 1547 184 Nam
1568 157 1731 194 postquam
1753 153 1803 195 ἐῢ
1824 155 2037 185 vanidoloris
2057 154 2186 185 notium

234 209 477 249 comprehensus
502 212 549 239 est
572 212 603 239 et¹
625 209 651 239 is
674 209 724 247 qui
747 209 937 249 praecipitur
959 213 990 239 et
1012 209 1038 239 is
1061 210 1111 248 qui
1133 208 1265 247 fingitur,
1289 210 1413 240 disertis
1436 210 1537 241 verbis
1561 210 1726 250 exponitur
1747 209 1890 250 §7—11‚
1915 219 1970 242 cur
1989 209 2095 242 futuro
2116 211 2137 241 i.
2152 217 2183 241 e.

232 269 404 306 praecepto
427 265 534 296 dolore
556 266 626 303 angi
651 266 777 296 stultum
800 266 856 304 sit,
881 274 937 296 nec
959 266 1057 296 minus
1080 266 1194 297 diserte
1217 266 1287 296 inde
1310 266 1348 297 ab
1372 266 1389 306 ξ
1415 267 1452 296 12
1476 266 1660 306 explicatur,
1683 267 1838 305 quomodo
1859 267 1979 298 animus
2000 270 2184 306 torqueatur

230 317 488 359 falsaffingendo.

396 379 444 416 13,
471 380 519 409 13.
542 388 629 409 nemo
652 379 748 410 dicit:
784 388 905 415 „vanus
926 382 1035 410 auctor
1057 381 1101 410 est
1121 378 1177 418 [sc.
1201 380 1305 419 timor]
1330 405 1465 411 .....
1471 381 1487 395 “
1521 381 1663 411 damus
1694 389 1765 411 nos
1788 381 1849 410 rei
1869 380 2082 421 ferendos]
2127 379 2181 412 Sic

232 435 347 473 Haase,
372 444 439 466 cum
462 438 563 466 tamen
586 435 743 473 dubitaret
766 445 804 467 an
827 436 1022 467 scribendum
1046 440 1128 467 esset
1152 437 1265 468 damus
1286 446 1342 468 nos
1364 437 1467 468 timori
1488 437 1638 474 ferendos.
1684 436 1858 476 Perperam,
1882 440 1916 466 ut
1937 436 2067 475 videtur,
2089 445 2179 476 prae-

247 493 352 522 sertim
383 501 449 522 cum
480 492 509 521 in
526 486 678 522 'omnibus
709 492 772 522 sere
802 494 959 523 codicibus
988 494 1122 523 melioris
1145 497 1237 523 notae
1260 494 1301 522 sit
1322 503 1379 523 nos
1401 493 1583 529 referendos.
1629 493 1734 531 Haupt
1757 491 1814 531 (ΙΙ,
1839 493 1914 532 320)
1938 493 2045 523 maluit
2068 494 2180 524 damus

241 557 298 579 nos
319 548 472 585 ferendos.
518 548 597 586 Quid
620 556 691 580 veto
715 548 834 586 obstat,
869 550 1027 587 quominus
1058 550 1163 580 eadem
1195 550 1313 580 ratione
1343 549 1542 586 grammatica
1571 548 1724 579 scribatur
1752 548 1866 578 damus
1887 557 1946 578 nos
1967 558 2001 578 re
2023 548 2177 585 ferendos,

240 606 322 643 quod
345 608 375 635 et
398 605 544 635 librorum
568 613 718 635 consensu
740 605 915 636 defenditur
937 609 968 636 et
990 606 1097 635 melius
1119 607 1149 635 in
1172 615 1235 636 rem
1258 606 1379 636 videtur
1400 606 1567 643 quadrare,
1601 614 1691 643 quam
1715 605 1796 643 quod
1819 605 1922 635 Haase
1953 605 2081 635 editioni
2104 614 2178 636 suae

231 661 372 691 inseruit.
420 661 498 690 Nam
522 662 633 690 damus
655 670 712 690 nos
733 663 781 690 rei
802 661 946 697 ferendos
968 662 1026 690 hoc
1049 666 1095 690 est
1117 662 1285 698 „tradimus
1317 670 1371 690 nos
1403 662 1446 690 rei
1469 662 1575 697 alicui,
1610 670 1670 698 qua
1692 660 1862 697 feramur“,
1897 661 1983 697 quasi
2007 661 2066 690 hoc
2088 661 2177 691 nobis

235 718 427 756 propositum
451 717 506 755 sit,
540 721 574 747 ut
596 718 663 756 ipsa
684 718 737 747 illa
759 727 792 748 re
814 718 1016 757 abripiamur:
1053 722 1160 748 contra
1182 718 1293 748 damus
1315 726 1372 747 nos
1403 727 1435 747 re
1456 717 1598 754 ferendos
1628 716 1687 747 hoc
1717 720 1764 747 est
1794 716 2007 754 „indulgemus
2029 716 2118 748 nobis
2140 724 2177 748 ac

235 773 336 804 dolori
359 776 475 810 nostro,
504 776 538 803 ut
561 783 592 803 rc
616 773 747 804 fortasse
769 775 900 804 adversa
922 774 1107 813 abripiamur
1129 782 1189 803 non
1212 774 1285 803 satis
1308 775 1543 811 repugnantes.“

399 830 445 866 13,
473 830 520 859 14.
545 830 648 860 suctim
674 830 706 860 in
729 830 866 861 timorem
896 831 988 860 veni
996 833 1006 860 t
1035 830 1212 867 sciapodas.
1255 830 1355 860 Pudet
1376 839 1422 859 me
1453 830 1510 860 e'bc'
1531 831 1567 860 si
1576 839 1591 860 c
1613 832 1710 861 tecum
1733 829 1840 869 loqui]
1885 829 2017 867 Egregie
2041 830 2177 860 correxit

237 885 342 924 Haupt
365 885 417 923 (ΙΙ,
443 886 503 915 320
527 886 607 925 sqq.)
630 887 722 916 vcrtz't
742 895 798 924 pro
821 887 917 922 venit,
954 887 1008 916 sed
1031 886 1217 923 ingeniosius
1240 894 1329 923 quam
1353 886 1452 915 verius
1483 886 1528 915 ibe·
1556 886 1678 916 videtur
1698 886 1864 915 mutavisse
1887 886 1918 915 in
1941 886 2002 920 tui,
2037 885 2070 915 id
2092 885 2175 923 quod

237 942 298 971 iam
321 942 448 977 Madvig
470 942 578 971 reiecit
601 941 658 980 (11,
682 943 757 981 465)
780 947 907 981 propter
936 942 1134 979 „infinitivum
1165 943 1317 971 adiectum
1348 942 1440 971 verbo
1457 943 1555 979 pudet
1577 951 1643 971 cum
1665 942 1806 979 genetivo
1830 942 1964 980 posit0“.
2009 939 2071 972 Sed
2094 950 2174 979 quae

235 998 301 1035 ipse
324 998 406 1027 illius
428 998 497 1027 loco
520 999 681 1036 proposuit
702 999 732 1028 si
752 1000 799 1028 vis
822 1000 913 1028 etiam
936 999 1034 1027 minus
1056 998 1189 1035 placent.
1228 997 1400 1027 Putaverim
1416 1001 1468 1027 aut
1486 997 1527 1027 1ιὶ
1535 998 1632 1027 asic
1657 997 1849 1027 scribendum
1866 1006 1943 1033 esse,
1967 997 2050 1035 quod
2065 997 2174 1028 dubito

230 1062 269 1084 an
292 1052 484 1084 fastidiosior
506 1054 706 1092 subtiliusque
729 1054 845 1084 auritus
867 1054 1010 1084 librarius
1032 1052 1194 1082 mutaverit
1216 1052 1245 1081 in
1271 1053 1313 1082 ibi
1334 1053 1394 1089 sie,
1435 1056 1502 1090 aut,
1534 1053 1564 1083 id
1588 1053 1668 1090 quod
1691 1053 1908 1091 praestabilius
1931 1053 2068 1090 videtur,
2101 1054 2173 1083 sim-

233 1109 357 1149 pliciter
379 1110 455 1146 sic,
481 1110 593 1150 quippe
616 1119 652 1140 ex
669 1119 728 1149 quo
751 1109 978 1149 dittographiae
1001 1109 1174 1148 corruptela
1197 1108 1287 1139 facile
1310 1110 1445 1147 potuerit
1467 1109 1539 1139 oriri
1561 1109 1610 1139 hic
1631 1110 1678 1139 sic
1699 1117 1735 1139 ac
1757 1113 1868 1148 postea
1890 1110 1936 1139 iba·
1956 1111 2010 1140 sic.

392 1167 440 1204 14,
468 1168 515 1196 13.
542 1166 616 1197 Cato
641 1191 646 1196 .
672 1190 678 1196 .
702 1167 787 1196 misit
809 1167 916 1196 irritas
939 1175 1039 1202 voees,
1074 1175 1142 1196 cum
1172 1166 1261 1195 modo
1286 1175 1346 1203 per
1369 1167 1484 1203 populi
1514 1167 1633 1196 levatus
1661 1175 1776 1196 memus
1805 1168 1833 1196 et
1863 1167 1993 1197 obrutus
2021 1167 2124 1204 sputis
2145 1169 2175 1198 et

227 1221 503 1263 [portandus]
524 1226 612 1254 eac-ira
632 1223 734 1260 forum
758 1221 956 1262 traderetur]
992 1222 1070 1259 Quid
1095 1222 1151 1253 sibi
1174 1222 1267 1253 vellet
1289 1222 1364 1253 illud
1380 1223 1559 1260 portandus
1581 1231 1648 1253 cum
1671 1230 1731 1253 nou
1754 1223 1830 1254 satis
1852 1222 2047 1261 intellegeret
2069 1223 2174 1254 Haase

228 1279 315 1309 uncis
337 1279 470 1316 inclusit,
494 1287 592 1317 neque
614 1282 716 1309 tamen
739 1279 914 1322 explicavit,
938 1279 1192 1316 quemadmodum
1214 1283 1276 1308 tam
1294 1280 1429 1316 ineptum
1446 1280 1685 1309 additamentum
1708 1280 1738 1309 in
1762 1280 1858 1309 libros
1873 1280 2011 1317 potuerit
2026 1279 2175 1318 irrepere.

233 1337 276 1366 At
298 1336 393 1365 multo
416 1336 480 1365 veri
504 1336 633 1365 similius
656 1339 704 1365 est
726 1339 901 1374 corruptum
925 1344 992 1365 esse
1015 1335 1090 1365 illud
1115 1336 1304 1365 vocabulum.
1348 1335 1425 1365 Vide
1456 1344 1494 1365 ne
1526 1335 1717 1365 scribendum
1748 1336 1787 1365 sit
1810 1335 1975 1373 pulsatus,
2010 1335 2070 1365 nisi
2092 1334 2176 1366 forte

231 1392 304 1422 olim
328 1392 475 1429 scriptum
498 1395 565 1422 erut
586 1392 702 1422 mortui
724 1392 846 1422 similis.

393 1448 440 1483 14,
468 1448 517 1477 14.
534 1450 646 1485 postea
668 1448 850 1483 videbimus,
875 1456 919 1477 {m
941 1448 1076 1485 sapienti
1098 1456 1191 1485 opera
1216 1447 1426 1484 perdenda
1454 1447 1501 1475 sit.
1547 1446 1636 1484 Quod
1658 1447 1790 1484 Madvig,
1815 1456 1881 1476 cum
1905 1447 2102 1484 intellegeret
2123 1448 2177 1478 hic

229 1507 349 1533 tantum
373 1504 496 1541 quaeri,
534 1507 634 1533 utrum
659 1504 791 1541 sapienti
814 1512 832 1533 a
854 1512 887 1533 re
910 1504 1034 1542 publica
1057 1507 1139 1533 esset
1161 1503 1381 1539 recedendum,
1416 1503 1488 1532 olim
1519 1503 1759 1539 ingeniosissime
1789 1503 1940 1540 correxit,
1975 1512 2018 1533 an
2039 1505 2177 1541 sapienta·

230 1569 326 1598 opera
348 1568 375 1589 r.
393 1568 428 1597 p.
453 1558 487 1598 (i.
512 1567 539 1589 e.
562 1559 606 1589 rei
629 1558 784 1598 publicae)
808 1559 917 1589 danda
939 1559 994 1595 sit,
1030 1559 1061 1589 id
1084 1559 1178 1589 Hertz
1201 1567 1260 1588 non
1283 1558 1388 1588 debuit
1411 1558 1454 1587 ita
1476 1561 1610 1595 mutare,
1644 1562 1678 1588 ut
1699 1558 1907 1596 impendenda
1937 1558 2088 1590 scriberet
2116 1569 2175 1599 pro

227 1617 349 1646 danda.
393 1615 472 1645 Nam
496 1624 609 1652 earum,
633 1624 711 1653 quae
733 1615 860 1652 Madvig
882 1616 1026 1652 restituit,
1050 1616 1220 1645 litterarum
1243 1615 1351 1645 ductus
1374 1615 1469 1645 multo
1493 1617 1563 1644 sunt
1584 1615 1746 1645 similiores
1761 1615 1808 1652 iis,
1831 1623 1910 1652 quae
1925 1623 2006 1646 nuuc
2020 1615 2175 1655 leguntur,

230 1680 322 1709 quam
344 1680 422 1709 quae
446 1671 537 1701 scribi
559 1671 656 1701 voluit
678 1671 782 1701 Hertz.

391 1727 439 1764 14,
466 1727 513 1757 15.
557 1725 622 1757 Ars
645 1727 674 1757 ei
696 1729 829 1763 constat,
864 1727 919 1765 qm*
934 1736 994 1764 per
1026 1728 1267 1757 ornamenta
1290 1734 1462 1764 percussus
1484 1726 1551 1766 esa]
1597 1727 1685 1765 Quod
1707 1731 1740 1756 ut
1763 1727 1914 1766 explicet,
1938 1727 2062 1767 Lipsius
2084 1730 2175 1760 addit

229 1783 278 1821 „A
300 1782 524 1820 gladiatoribus
547 1786 610 1819 est,
643 1791 770 1820 quorum
793 1791 878 1813 arma
901 1783 946 1812 sic
968 1783 1072 1813 dicta“
1096 1786 1126 1812 et
1148 1782 1296 1820 Ruhkopt
1316 1783 1408 1813 docet
1429 1783 1564 1820 galeam,
1600 1784 1744 1821 loricam,
1779 1788 1897 1814 scutum
1919 1785 2077 1823 intellegi.
2112 1796 2175 1816 nou

227 1839 349 1875 gladios
372 1839 487 1868 telave.
530 1839 573 1868 At
595 1839 662 1875 quis
684 1847 814 1875 unquam
838 1840 866 1868 ei
888 1839 1052 1875 gladiatori
1076 1842 1172 1867 artem
1196 1843 1337 1868 constare
1359 1839 1487 1876 putavit,
1512 1839 1562 1876 qui
1585 1843 1639 1868 aut
1661 1840 1755 1869 armis
1777 1844 1841 1869 tam
1863 1841 1945 1870 male
1967 1845 2116 1880 uteretur,
2140 1847 2176 1873 ut

228 1894 303 1933 ipsis
325 1896 537 1932 percuteretur
558 1897 611 1923 aut-
633 1902 696 1924 rem
719 1902 786 1924 cum
809 1894 986 1924 adversario
1009 1897 1070 1922 tam
1094 1893 1173 1922 male
1196 1894 1307 1930 gessit,
1344 1897 1377 1922 ut
1399 1903 1455 1932 per
1477 1902 1562 1923 arma
1583 1895 1623 1924 ad
1646 1903 1758 1933 corpus
1780 1894 2007 1926 defendendum
2029 1897 2176 1928 instituta

227 1959 261 1980 se
283 1950 402 1989 percuti
423 1949 604 1988 pateretur?
639 1950 712 1987 Quis
735 1950 865 1988 denique
888 1953 1067 1980 ornamenta
1090 1950 1269 1988 simpliciter
1291 1959 1346 1989 pro
1370 1950 1463 1980 armis
1485 1950 1547 1980 dici
1569 1951 1685 1989 credat,
1709 1952 1767 1982 nisi
1791 1952 1844 1990 qui
1865 1953 2051 1985 credulitate
2070 1954 2174 1986 delec-

227 2006 335 2039 tetur?
378 2006 474 2038 Immo
496 2014 569 2038 vero
592 2008 784 2038 armamenta
806 2005 975 2046 putaverim
997 2005 1158 2044 legendum
1182 2014 1249 2037 esse
1272 2009 1303 2037 et
1316 2005 1555 2044 similitudinem,
1579 2010 1613 2037 ut
1635 2008 1817 2047 saepissime
1839 2009 1923 2048 apud
1947 2009 2107 2049 Senecam,
2134 2011 2174 2043 ab

228 2067 295 2095 arte
317 2063 506 2102 gubernandi
529 2071 596 2093 esse
619 2063 820 2102 desumptam.
844 2061 895 2101 (cf.
919 2061 936 2101 ξ
959 2063 987 2100 8,
1010 2063 1027 2091 4
1053 2065 1083 2091 et
1105 2070 1183 2099 quae
1204 2063 1348 2101 interprr.
1364 2063 1407 2093 ibi
1430 2063 1584 2102 afferunt.)
1630 2064 1776 2101 Quamvis
1798 2065 1878 2095 enim
1902 2067 1970 2104 quis
1992 2068 2110 2105 peritus
2133 2069 2176 2099 sit

227 2120 305 2150 artis
327 2128 435 2150 navem
457 2119 592 2157 regendi,
614 2122 718 2149 tamen
739 2118 805 2149 fieri
827 2122 938 2156 potest,
961 2122 995 2148 ut
1017 2122 1205 2149 armamento
1228 2120 1340 2157 aliquo,
1363 2120 1445 2149 malo
1468 2123 1649 2157 antenuave,
1672 2121 1816 2152 laedatur
1838 2126 1870 2152 et
1891 2124 2092 2161 percutiatur.

394 2177 442 2214 14,
468 2177 516 2206 16.
540 2177 575 2207 de
598 2177 705 2206 eventu
725 2175 853 2212 fortuna
874 2175 1009 2211 iudicat,
1043 2175 1094 2205 cm·
1116 2175 1151 2205 de
1179 2184 1227 2205 me
1254 2175 1438 2206 sententiavit
1468 2185 1532 2205 non
1555 2176 1602 2206 do.
1639 2176 1702 2213 „At
1722 2177 1845 2216 aliquid
1865 2178 2041 2209 vexationis
2061 2179 2173 2218 adfert,

230 2232 357 2271 aliquid
387 2231 540 2263 adversi.“
584 2231 672 2262 Non
701 2231 921 2262 damnatur
951 2230 1073 2266 latro,
1108 2240 1178 2261 cum
1207 2230 1339 2270 occidit]
1383 2231 1484 2270 Prope
1514 2232 1725 2263 conclamatus
1754 2236 1802 2263 est
1831 2234 1926 2264 locus.
1981 2234 2060 2265 Nam
2090 2237 2174 2274 quod

231 2287 487 2326 Schweighauser
508 2288 637 2318 mutavit
659 2287 748 2325 „Non
771 2287 964 2318 dominatur“
986 2287 1046 2316 iam
1069 2295 1088 2316 a
1108 2286 1254 2317 Fickerto
1277 2286 1444 2317 refutatum
1467 2291 1524 2325 est,
1549 2291 1580 2318 et
1602 2289 1686 2326 quod
1700 2289 1827 2327 Madvig
1839 2289 2026 2321 Gronovium
2049 2295 2174 2324 secutus

228 2345 355 2384 scripsit
375 2345 451 2376 Non
472 2345 603 2375 damnat
630 2344 680 2374 vix
710 2344 849 2383 cuiquam
878 2343 954 2373 satis
982 2342 1126 2382 placebit.
1169 2342 1341 2373 Levissima
1369 2344 1540 2374 mutatione
1570 2345 1765 2376 scribendum
1794 2349 1870 2385 puto
1898 2347 1972 2378 Non
1993 2347 2176 2380 damnation-

229 2400 327 2437 latro,
365 2409 435 2431 cum
456 2401 590 2431 oceidit?
644 2400 793 2431 Concedit
822 2399 940 2430 Seneca
972 2398 1123 2429 fortunam
1147 2399 1262 2436 aliquid
1284 2400 1388 2430 damni
1420 2399 1529 2430 afferre
1556 2409 1649 2439 posse
1672 2403 1822 2441 sapienti,
1856 2404 1882 2433 si
1905 2404 2044 2441 quando,
2078 2408 2112 2434 ut
2133 2405 2173 2435 ab

229 2456 368 2495 latrone,
402 2457 535 2496 impetus
557 2458 588 2487 in
611 2466 679 2487 eum
701 2457 765 2487 fiat.
807 2457 876 2487 Hoc
897 2459 998 2486 tamen
1021 2456 1107 2493 quasi
1130 2456 1245 2486 solacio
1267 2456 1464 2487 adversarios
1486 2461 1617 2489 conatur
1638 2458 1798 2497 refellere,
1832 2461 1915 2498 quod
1944 2462 2040 2492 multo
2069 2465 2174 2493 tamen

227 2512 327 2543 maius
349 2512 493 2543 damnum
515 2512 661 2543 afferatur
683 2513 727 2551 ei,
758 2513 809 2551 qui
832 2513 923 2543 alium
945 2512 1112 2551 percutiat,
1143 2515 1177 2542 ut
1198 2512 1321 2542 latroni.
1365 2512 1453 2544 Eane
1475 2513 1639 2552 splendida
1661 2519 1709 2545 est
1731 2510 1902 2547 confutatio
1925 2517 2007 2555 eius,
2038 2518 2089 2556 qui
2111 2526 2174 2548 nou

229 2568 329 2599 solum
366 2567 541 2599 Stoicorum
574 2569 713 2607 vestigiis
745 2569 875 2606 insistit,
909 2569 963 2599 sed
993 2568 1083 2598 etiam
1114 2568 1251 2599 Socratis
1279 2569 1417 2607 putantis
1446 2569 1715 2601 infortunatiorem
1746 2580 1813 2602 esse
1842 2581 1919 2610 eum,
1950 2573 2002 2611 qui
2031 2574 2173 2603 iniuriam

231 2623 354 2662 inferat,
377 2632 468 2663 quam
490 2625 539 2656 cui
560 2624 733 2656 inferatur?

393 2682 440 2718 15,
464 2682 483 2711 4
507 2690 552 2719 sq.
576 2682 658 2719 quod
680 2682 752 2712 libet
772 2691 809 2711 ex
829 2682 880 2711 his
901 2682 988 2719 eliye.
1019 2690 1097 2711 usu
1128 2680 1250 2710 redde
1272 2680 1414 2716 facile.
1464 2683 1620 2721 Quicquid
1640 2683 1746 2720 facies,
1770 2685 1828 2713 cito
1850 2684 1919 2714 redi
1940 2694 1959 2714 α
1982 2694 2108 2722 corpore
2131 2685 2175 2715 ad
