2383 3039
1209 39 1228 68 9

249 146 420 182 descendat,
454 155 517 176 non
546 146 674 176 decidat.
709 145 991 174 moderatoris
1020 145 1087 174 sui
1115 145 1472 181 temperamentum
1501 142 1520 170 Ῑι
1532 143 1652 171 abeat
1680 150 1750 170 nce
1780 141 1901 169 indocto
1932 143 1959 169 et
1982 140 2097 169 rustico
2120 149 2207 169 more

250 201 414 233 desaeviat.
437 210 502 231 non
524 201 606 231 enim
629 200 664 230 id
686 199 818 238 aqimus,
841 201 877 229 ut
898 202 1074 230 ezerceatur
1098 209 1160 236 coz,
1184 199 1239 229 sed
1261 201 1295 229 ut
1316 197 1476 237 exerceat]
1518 198 1671 235 Quantam
1694 196 1771 226 haec
1794 195 1888 225 verba
1911 195 2114 233 suspicionem
2138 203 2204 224 mo-

249 261 352 295 veant,
374 257 424 287 vel
448 265 485 286 ex
512 264 615 286 eorum
639 254 802 293 farragine,
827 264 904 293 quae
928 255 959 285 in
982 255 1139 285 codicibus
1162 255 1278 294 scripta
1300 259 1379 291 sunt,
1404 254 1450 284 vel
1476 263 1511 284 ex
1536 254 1611 290 eius,
1646 253 1696 291 qui
1720 252 1796 282 haec
1819 251 2049 281 accuratissime
2072 260 2203 290 perpen-

250 313 314 349 dit,
346 311 513 348 Madvigii,
545 311 729 341 lectionibus
753 311 942 347 cognoveris.
986 311 1016 340 Is
1039 311 1118 340 enim
1143 311 1266 349 scripsit
1291 311 1321 349 l)
1345 310 1398 346 fae
1422 310 1523 345 ciffis,
1561 309 1593 347 2)
1618 309 1657 338 In
1682 309 1774 338 elatis
1798 308 1948 342 modesta,
1986 308 2018 346 3)
2041 309 2201 345 receperis,

254 366 289 406 4)
310 366 416 397 media
432 366 498 396 oris
520 366 550 396 τί
572 369 622 396 eat
643 375 697 396 nec
722 390 728 396 .
753 389 760 396 .
785 390 791 396 .
816 366 878 397 Sed
901 374 939 395 ne
963 365 1039 396 haec
1063 366 1183 404 quidem
1207 367 1308 395 omnia
1332 366 1407 396 satis
1431 368 1560 404 possunt
1582 365 1715 402 placere.

415 422 446 461 1)
469 422 576 461 Ne'que
599 423 637 452 de
661 422 769 452 vicinis
792 426 892 459 antea,
917 430 1015 460 neque
1038 422 1077 452 de
1101 422 1183 452 vitiis
1207 422 1315 458 agitur,
1340 431 1406 451 cum
1424 422 1542 452 Seneca
1565 420 1642 450 nolit
1658 419 1811 450 Lucilium
1835 422 1888 449 aut
1910 419 2077 449 rixatorem
2099 418 2203 450 facere

251 483 305 510 aut
338 479 528 516 aretalogum
559 479 706 508 adversus
737 479 812 508 vitia
844 478 1085 514 declamantem,
1134 478 1186 508 sed
1212 478 1408 515 adhortetur,
1455 478 1486 508 id
1515 477 1597 515 quod
1637 477 1728 515 pauci
1771 479 1889 505 tantum
1930 476 2132 514 interpretes,
2170 480 2204 506 ut

253 535 512 572 Schweighausen
536 535 678 565 videntur
699 534 852 570 tenuisse,
875 538 910 562 ut
932 534 1092 563 ambulans
1125 534 1217 562 etiam
1248 542 1322 562 voce
1353 534 1524 562 exercenda
1555 533 1724 562 valetudini
1749 532 1929 570 prospiciat.
1975 532 2082 569 Itaque
2106 540 2204 569 neque

251 592 365 621 vicinis
386 598 484 629 neque
507 590 592 620 vitic's
614 590 676 619 ullo
698 590 789 619 modo
813 593 918 627 potest
940 588 1024 618 ferri.
1069 589 1183 618 Dubito
1217 597 1254 617 an
1285 590 1477 618 scribendum
1509 590 1547 617 sit
1581 589 1689 626 z·e'a(m)
1722 589 1822 618 inicus
1853 588 1900 617 vel
1933 589 1982 616 ria
2014 589 2125 617 eundo.
2170 587 2203 617 Si

250 647 342 677 velim
366 646 531 676 audaciore
555 646 733 675 coniectura
755 644 914 681 augurari,
953 645 1024 681 quid
1049 645 1167 674 Seneca
1191 645 1364 682 scripserit,
1399 645 1513 682 possim
1537 653 1711 682 proponere
1734 645 1868 680 virmdo,
1903 653 1970 673 cum
1996 643 2203 680 Quintilianus

252 702 336 741 (inst.
360 710 404 731 or.
428 702 456 737 8,
481 702 508 737 6,
533 701 585 738 33)
617 701 700 730 dicat
731 701 820 743 „vio“
851 709 907 738 pro
933 700 1010 736 „eo“
1041 698 1193 728 infelicius
1225 708 1292 728 esse
1323 700 1436 728 dictum
1466 708 1563 736 neque
1594 699 1758 729 absurdum
1794 700 1833 728 sit
1863 702 1990 737 putare,
2026 698 2108 737 quod
2131 701 2203 728 ante

252 758 472 796 Quintilianum
495 757 571 787 illud
594 756 773 787 vocabulum
797 760 880 786 certa
906 756 978 786 sede
1003 764 1150 793 nusquam
1173 755 1352 793 inveniatur,
1378 755 1523 786 Senecam
1548 756 1678 786 maxime
1702 756 1749 786 liis
1765 755 1867 786 verbis
1884 764 1902 785 a
1918 764 1972 785 suo
1989 755 2202 794 vituperatore

254 813 409 850 castigari.
453 814 495 843 At
516 812 570 849 fae
592 812 773 841 contu-iciam
799 811 863 841 fere
887 811 968 841 idem
992 819 1060 840 esse
1085 811 1166 848 quod
1190 811 1368 847 „declamzw
1393 812 1439 840 vel
1464 812 1667 848 „pronuntia“
1692 812 1751 840 iam
1776 811 2030 848 Schweighauser
2052 811 2139 841 vidit.

413 870 445 906 2)
469 869 577 898 Altera
600 857 767 897 mutatione
792 867 919 904 Madvig
949 876 1026 904 opus
1058 875 1124 896 esso
1158 870 1262 904 putat,
1297 868 1375 904 quod
1401 868 1429 896 in
1454 868 1513 896 illis
1537 868 1649 897 litteris
1672 868 1788 905 aliquid
1812 867 1879 897 voci
1903 867 2104 897 descendenti
2128 876 2201 897 con-

251 926 378 955 trarium
400 925 498 954 latere
522 928 674 961 oporteat.
721 923 782 953 Sed
806 932 872 952 cum
897 923 991 958 illud,
1017 922 1097 959 quod
1122 922 1333 958 desideratur,
1359 923 1432 951 satis
1456 923 1551 952 lateat
1574 923 1603 951 in
1627 923 1728 952 verbis
1751 923 1805 958 fae
1827 923 2013 958 crau-iciam,
2039 931 2100 952 non
2124 931 2204 960 opus

253 986 300 1012 est
322 981 471 1018 Madvigii
496 980 673 1009 coniectura
696 979 773 1009 satis
796 979 938 1016 eleganti.

414 1037 445 1075 3)
468 1036 618 1073 receperis
642 1044 708 1064 cum
733 1035 848 1073 optimo
872 1035 978 1065 codice
1003 1045 1022 1073 p
1046 1036 1237 1065 scribendum
1271 1044 1335 1064 esse
1361 1039 1498 1073 apparet.

412 1093 444 1131 4)
471 1092 558 1129 Quod
582 1095 690 1129 quarto
714 1090 843 1128 Madvig
865 1091 935 1121 loeo
958 1092 1126 1128 admonuit,
1151 1092 1181 1122 id
1205 1092 1299 1121 multo
1324 1091 1430 1120 melius
1454 1100 1520 1121 esse
1544 1100 1632 1129 quam
1649 1092 1755 1121 Haasii
1779 1091 1943 1121 lectionem
1967 1091 2016 1120 vix
2041 1091 2201 1130 quisquam

250 1148 385 1185 negabit.
430 1147 557 1184 Legitur
579 1148 658 1177 enim
681 1148 711 1176 in
736 1148 853 1185 optimo
878 1148 984 1177 codice
1008 1157 1027 1185 p
1051 1147 1267 1177 mediatoresssai
1288 1146 1415 1183 habeat,
1452 1148 1481 1177 in
1511 1148 1595 1185 aliis,
1632 1148 1681 1185 qui
1706 1148 1750 1177 illi
1773 1148 1903 1186 proximi
1928 1151 1999 1178 sunt
2020 1147 2203 1178 mediatoris

251 1204 303 1234 sai
333 1204 453 1233 habeat.
499 1203 562 1233 Sed
592 1211 646 1232 cur
675 1203 873 1240 reprobemus
904 1203 995 1239 illud,
1036 1203 1116 1240 quod
1148 1203 1239 1231 etiam
1271 1204 1396 1240 propius
1428 1204 1466 1233 ad
1497 1203 1615 1232 illorum
1647 1204 1785 1232 codicum
1818 1203 2048 1233 similitudinem
2080 1204 2204 1233 accedit

251 1260 387 1290 mediam
412 1258 525 1297 [ortum
550 1268 585 1288 cx
610 1258 788 1297 media]oris
813 1260 871 1288 clm
898 1259 956 1297 [vi]
981 1259 1093 1288 lrabeat
1115 1258 1195 1294 (scil.
1219 1259 1301 1297 vox).
1347 1259 1438 1295 Quod
1464 1260 1534 1297 quin
1565 1260 1672 1289 eodem
1705 1260 1769 1289 iure
1793 1260 1930 1296 dicatur,
1966 1268 2026 1297 quo
2049 1259 2204 1297 Madvigii

252 1314 328 1344 illud
351 1314 510 1350 „media
541 1314 625 1343 oris
654 1314 690 1342 vi
723 1315 825 1350 eat“‚
859 1314 926 1351 quis
949 1317 996 1343 est
1019 1314 1068 1351 qui
1092 1313 1226 1349 dubitet,
1251 1314 1275 1341 si
1299 1314 1398 1349 modo,
1425 1322 1511 1352 qnam
1535 1314 1597 1343 late
1621 1314 1751 1343 habendi
1776 1318 1806 1343 et
1829 1322 1939 1343 nomen
1964 1317 1995 1343 et
2017 1315 2063 1343 vis
2086 1318 2205 1353 serpatv

259 1370 372 1401 habeat
394 1369 611 1409 perspectum‘.>

417 1427 463 1462 15,
491 1427 538 1455 10.
568 1425 745 1454 Detraxi
777 1426 857 1454 tibi
885 1435 945 1454 non
962 1426 1118 1462 pusillam
1143 1426 1263 1463 maglorii.
1290 1435 1352 1455 ana
1375 1426 1550 1455 merl-edula
1574 1428 1600 1455 et
1623 1435 1737 1456 mamas
1766 1436 1919 1464 yraeca
1931 1437 1958 1455 m
1991 1428 2034 1456 ad
2054 1427 2130 1457 haec
2153 1429 2203 1457 be-

257 1482 367 1519 neficia
390 1481 520 1512 accedet.
544 1491 608 1511 ecee
632 1482 754 1521 insiyne
771 1484 970 1520 praeeeffiam
996 1481 1054 1521 sq.]
1104 1482 1324 1512 Nonnullorum
1349 1482 1485 1512 codicum
1511 1482 1639 1520 vestigia
1663 1486 1785 1513 secutus
1809 1487 1902 1521 atque
1926 1492 1942 1513 e
1966 1483 2029 1513 suis
2052 1485 2204 1523 quaedam

254 1539 371 1568 addens
394 1537 520 1574 Madvig
552 1538 744 1567 scribendum
775 1539 895 1576 putavit
924 1538 1069 1568 Deir-arii
1098 1539 1153 1567 tibi
1182 1548 1241 1567 non
1267 1539 1421 1575 pusillam
1451 1539 1563 1575 ›ze—antii
1592 1548 1657 1568 vana
1688 1539 1862 1568 mercedula
1886 1542 1914 1568 et
1937 1549 2036 1569 unam
2053 1541 2204 1577 pretium.

254 1593 307 1625 Aa
327 1593 402 1624 haee
425 1593 574 1631 beneficia
596 1593 720 1630 aceedit,
745 1603 816 1630 eece,
843 1594 963 1633 lusique
978 1596 1194 1632 maceepima,
1218 1594 1363 1633 additque
1387 1594 1492 1624 ludere
1516 1594 1682 1633 Senecam,
1705 1597 1852 1634 tanquam
1875 1595 2052 1627 mercedula
2075 1600 2107 1627 et
2129 1606 2201 1637 pre-

254 1652 330 1680 tium
354 1651 411 1680 sibi
435 1659 453 1679 a
477 1651 595 1679 Lucilio
619 1651 750 1680 solutum
775 1652 823 1680 sit.
869 1652 957 1687 Quod
980 1655 1013 1680 ut
1035 1652 1222 1687 iugeniosum
1247 1651 1404 1687 habeatur,
1432 1656 1534 1680 tamen
1557 1652 1626 1681 vide
1649 1660 1687 1681 ne
1711 1651 1867 1681 difficilius
1890 1652 2100 1690 intellegatur.
2145 1655 2205 1684 Co-

259 1707 359 1736 dicum
383 1710 483 1736 autem
508 1706 695 1744 quorundam
719 1706 888 1736 auctoritas
912 1706 942 1736 in
965 1706 1034 1736 loco
1057 1710 1118 1735 tam
1143 1710 1253 1736 vexato
1276 1707 1326 1736 vix
1349 1707 1449 1744 magni
1472 1710 1576 1745 potest
1599 1716 1666 1737 esse
1690 1708 1845 1738 momenti.
1873 1708 2023 1739 Detraxit
2044 1710 2101 1740 tibi
2123 1711 2206 1749 quod

256 1762 372 1799 optima
404 1762 588 1790 auctoritate
618 1761 811 1798 defenditur,
848 1765 930 1791 certe
961 1770 998 1791 cx
1029 1762 1150 1791 litterae
1181 1762 1391 1800 dittograpliia
1421 1763 1522 1800 potuit
1554 1763 1639 1791 oriri.
1685 1763 1785 1793 Unum
1808 1764 1885 1794 illud
1908 1764 1991 1794 haud
2015 1766 2081 1795 scio
2105 1774 2145 1795 an
2167 1775 2207 1796 ex

256 1816 364 1848 Haasii
388 1817 540 1855 scriptura
555 1817 731 1847 mutandum
754 1817 794 1847 sit
815 1819 977 1855 aratam
998 1826 1054 1855 pro
1075 1827 1283 1855 yraeeam,
1310 1818 1391 1856 quod
1414 1822 1444 1848 et
1467 1826 1652 1855 graecam
1674 1820 1882 1850 mercedulam
1898 1820 1982 1851 illam
1999 1829 2069 1852 esse
2086 1822 2208 1854 Seneca

260 1873 396 1910 quamvis
420 1881 513 1910 saepe
535 1873 616 1902 iusto
639 1874 703 1902 iure
727 1873 870 1910 potuerit,
894 1876 996 1902 tamen
1020 1873 1050 1902 in
1073 1874 1157 1902 nulla
1178 1882 1305 1910 usquam
1329 1874 1390 1902 alia
1414 1875 1545 1912 epistula
1568 1875 1734 1912 addiderit,
1759 1879 1789 1905 et
1812 1876 1842 1905 in
1863 1876 1922 1906 hac
1939 1877 2072 1915 epistula
2088 1878 2209 1909 Seneca

258 1928 398 1958 videatur
419 1927 525 1958 ludere
548 1927 704 1958 vocabulis
730 1928 889 1965 „ingrata“
914 1926 944 1967 (§
971 1927 1022 1966 10)
1047 1931 1077 1958 et
1100 1930 1246 1966 „gratus“
1270 1928 1301 1968 (ξ
1327 1929 1389 1968 11).

421 1986 467 2021 15,
495 1985 541 2014 12.
567 1984 681 2014 Finem
706 1985 863 2020 consutae,
888 1993 973 2021 quem
999 1985 1135 2014 transire
1158 1995 1202 2014 ne
1218 1986 1362 2022 possis
1385 1987 1560 2023 quide-m,
1584 1987 1620 2016 si
1643 1987 1772 2026 velis]
1810 1990 1928 2025 Argute
1951 1989 2080 2028 Madvig
2104 1991 2141 2029 (1,
2166 1994 2204 2022 51

262 2040 338 2079 sq.):
372 2049 410 2069 ne
432 2040 460 2069 si
476 2041 583 2077 possis
604 2041 734 2078 quidem,
772 2041 852 2076 celis,
878 2041 959 2078 quod
982 2043 1188 2079 „potestatem
1211 2040 1301 2071 finem
1323 2043 1503 2072 transeundi
1526 2043 1586 2081 ipsi
1609 2044 1798 2074 constituere
1820 2054 1881 2075 non
1903 2055 2076 2084 possumus,
2099 2048 2208 2078 volun-

262 2099 358 2126 tatem
381 2096 411 2126 iu
435 2100 519 2126 certo
541 2095 600 2126 fine
624 2097 811 2127 consistendi
836 2120 843 2126 .
867 2119 875 2126 .
899 2119 905 2126 .
928 2099 1086 2134 praestare
1110 2100 1244 2126 nostrum
1269 2097 1318 2127 sit.
1364 2097 1406 2127 Et
1427 2102 1558 2136 possunt
1581 2103 1723 2129 sescenta
1745 2101 1888 2139 exempla
1910 2101 2014 2133 afferri
2037 2103 2101 2133 eius
2124 2104 2209 2135 modi

262 2161 408 2189 errorum,
443 2152 493 2190 qui
527 2153 766 2190 transpositione
803 2152 963 2182 verborum
997 2155 1066 2183 sunt
1100 2153 1169 2189 orti,
1204 2153 1444 2191 saepissimeque
1469 2153 1629 2185 abundans
1651 2156 1807 2187 invenitur
1829 2166 1888 2194 „ne
1914 2159 1940 2188 si
1968 2182 1975 2188 .
1999 2184 2005 2188 .
2031 2183 2038 2189 .
2062 2160 2207 2198 quidem“

261 2217 351 2238 sensu
374 2217 432 2246 „ne
454 2211 518 2238 tum
542 2208 673 2246 quidem,
698 2209 723 2238 si
748 2232 755 2238 .
779 2233 784 2237 .
810 2210 837 2238 .⁸‘
883 2208 944 2238 Sed
966 2211 1093 2246 propter
1115 2208 1146 2238 id
1169 2208 1266 2246 ipsum
1288 2209 1454 2239 verisimile
1476 2219 1538 2239 non
1562 2214 1610 2240 est
1631 2211 1793 2250 librarios,
1818 2214 1900 2252 quod
1923 2215 2115 2245 notissimum
2138 2215 2207 2255 fuit,

261 2268 406 2295 mutasse.
451 2264 616 2295 Praeterea
638 2265 714 2295 illud
737 2265 978 2295 additamentum
1003 2265 1224 2303 quodammodo
1248 2265 1369 2295 videtur
1391 2264 1513 2303 frigere,
1538 2268 1619 2305 quod
1642 2276 1699 2306 per
1714 2278 1747 2299 se
1763 2274 1903 2308 apparet,
1927 2279 2015 2309 quem
2032 2272 2100 2309 quis
2114 2271 2206 2304 finem

259 2320 393 2351 transire
415 2330 475 2351 non
498 2321 606 2360 possit,
640 2329 707 2351 eum
731 2330 769 2351 ne
792 2320 871 2351 velle
893 2320 1024 2359 quidem.
1069 2320 1167 2351 Multo
1191 2324 1292 2351 autem
1314 2321 1412 2352 maius
1436 2326 1500 2359 est,
1537 2323 1562 2353 si
1586 2323 1653 2362 quis
1677 2333 1745 2355 eum
1768 2326 1851 2356 vitae
1874 2336 1994 2357 cursum
2017 2332 2138 2366 teneat,
2172 2333 2207 2360 ut

263 2377 384 2407 etiamsi
407 2377 572 2415 aliquando
597 2387 698 2408 secum
721 2386 861 2416 pugnans
885 2378 924 2408 ad
947 2386 1046 2407 rerum
1068 2376 1215 2407 fluxarum
1238 2378 1371 2408 studium
1395 2387 1413 2408 a
1436 2379 1600 2417 sapientia,
1636 2390 1696 2419 qua
1718 2391 1780 2412 una
1802 2392 1950 2413 summum
1973 2384 2084 2414 bonum
2106 2386 2206 2416 conti-

262 2436 359 2477 netur,
383 2434 487 2472 cupiat
503 2434 613 2472 redire,
637 2438 739 2464 tamen
758 2442 817 2464 non
836 2435 944 2473 possit,
968 2433 1099 2464 fortasse
1116 2434 1196 2473 quod
1212 2434 1250 2464 ab
1265 2434 1439 2465 hominibus
1463 2437 1602 2474 secessit,
1626 2441 1660 2467 ut
1683 2443 1714 2468 et
1730 2438 1849 2469 Seneca
1872 2439 1998 2478 fecerat,
2022 2444 2054 2471 et
2068 2441 2205 2472 Lucilius

263 2490 486 2528 quodammodo
508 2489 646 2521 facturus
668 2494 749 2528 erat,
786 2492 898 2530 quippe
929 2492 978 2529 qui
1009 2495 1118 2529 postea
1148 2499 1166 2520 a
1197 2490 1320 2521 Siciliae
1350 2493 1569 2529 procuratione
1598 2494 1777 2525 discesserit
1800 2495 1854 2534 (cf.
1878 2505 1927 2534 ep.
1950 2498 2015 2536 69).
2060 2498 2149 2535 Quod
2171 2502 2206 2529 ut

263 2544 358 2575 faciat
382 2545 500 2576 Seneca
523 2545 615 2575 etiam
636 2546 686 2576 hic
709 2546 831 2576 videtur
853 2547 1017 2577 admonere
1040 2547 1093 2583 iis,
1131 2554 1207 2585 quae
1237 2550 1405 2585 sequuntur
1434 2548 1552 2578 verbis:
1587 2549 1750 2581 discedant
1771 2551 1943 2589 aliqirando
1967 2553 2026 2583 ista
2051 2554 2206 2585 insidiosa

265 2603 347 2631 bona
369 2604 397 2631 et
417 2603 614 2639 sperantibus
637 2603 766 2632 meliora
797 2612 892 2640 qaam
923 2604 1075 2633 adsecutis
1098 2611 1142 2641 sq.
1189 2603 1348 2641 Multoque
1371 2604 1582 2635 vehementius
1606 2606 1687 2636 idem
1710 2608 1856 2638 admonet
1877 2610 2011 2647 epistula
2032 2610 2206 2648 insequenti

266 2657 352 2697 (17),
384 2658 469 2687 cuius
491 2658 529 2688 ab
554 2658 601 2687 his
623 2658 724 2688 verbis
747 2659 867 2688 initium
891 2658 965 2688 facit
987 2659 1094 2689 Proice
1118 2659 1176 2688 ista
1199 2659 1304 2688 omnia
1327 2659 1347 2689 i.
1371 2668 1397 2689 e.
1421 2661 1546 2691 divitias
1576 2670 1741 2702 omnesque
1771 2671 1821 2693 res
1850 2664 1973 2702 inanes,
2003 2673 2082 2704 quae
2104 2665 2206 2704 pbilo-
