2383 3039
2086 0 2383 97 '—

1196 96 1213 123 2
1253 119 1255 121 .

227 214 319 235 curae
344 205 543 244 epistularum
564 204 701 234 Senecae
717 205 752 243 ¹),
777 204 864 233 cuius
887 204 975 233 unius
998 211 1093 241 opera
1115 203 1199 232 docti
1223 211 1328 232 omnes
1351 203 1461 232 librum
1485 203 1569 232 illum
1595 204 1742 241 optimam
1766 204 1795 233 in
1820 203 1947 233 sormam
1972 204 2069 241 redigi
2092 213 2184 242 posse

227 266 363 300 sperant,
388 265 555 290 extremam
580 261 666 299 operi
691 261 925 298 exoptatissimo
949 269 1069 289 manum
1093 259 1272 295 admoverit,
1297 268 1356 289 non
1375 258 1489 289 frustra
1506 260 1689 297 elaborabit,
1715 261 1883 298 cuicunque
1907 260 2072 298 continget,
2096 264 2128 290 ut
2152 264 2184 290 et

227 319 350 348 inventa
374 317 520 355 aliorum,
555 318 586 348 in
610 318 720 356 quibus
743 326 832 348 nemo
855 317 964 347 melius
988 317 1025 347 de
1050 316 1184 347 Senecae
1208 315 1348 353 epistulis
1373 315 1503 353 meruit,
1528 324 1618 354 quam
1642 316 1747 355 Haupt
1770 320 1801 346 et
1825 316 1965 354 Madvig,
1991 316 2183 356 probabilem

226 375 257 404 in
293 375 416 405 modum
447 375 623 405 examinare
656 378 684 404 et
715 375 754 404 de
785 382 839 404 suo
870 374 985 411 aliquid
1015 373 1168 403 mentione
1199 373 1321 408 dignum
1354 373 1495 402 videatur
1525 373 1649 402 addere.
1705 373 1792 411 Quod
1816 377 1848 402 ut
1872 374 1944 403 mihi
1969 382 2004 402 ex
2029 373 2183 403 sententia

227 433 384 468 succedat,
408 433 539 461 maxime
563 432 744 470 optaverim.

389 488 509 518 Deinde
533 489 616 519 haud
641 490 705 518 scio
729 497 767 517 an
791 497 828 517 ne
852 488 928 517 illud
951 488 1071 525 quidem
1096 488 1135 516 sit
1159 496 1280 525 operam
1306 486 1445 524 perdere,
1478 486 1502 515 si
1527 486 1594 523 quis
1618 486 1671 522 eis,
1697 486 1757 524 qui,
1781 495 1952 525 quanquam
1977 487 2035 525 ipsi
2059 487 2127 517 aliis
2151 487 2182 516 in

229 544 341 574 litteris
365 545 465 575 aliove
488 546 517 574 in
541 546 623 574 vitae
646 553 757 582 genere
781 545 921 582 occupati
947 548 1024 581 sunt,
1049 548 1148 573 tamen
1173 548 1306 572 veterum
1332 543 1513 581 sapientiam
1539 543 1567 571 in
1593 543 1712 571 deliciis
1735 542 1859 579 habent,
1884 544 1971 581 quasi
1995 544 2091 580 digito
2107 544 2182 573 velit

228 605 471 630 commonstrare
502 600 621 638 fontes,
656 602 735 631 unde
767 601 882 639 aliquid
914 600 1128 630 delectationis
1160 600 1276 638 possint
1310 599 1441 629 haurire.
1497 600 1541 629 Ac
1572 598 1767 636 philosophia
1799 599 1920 636 quidem
1953 601 2089 631 Senecae
2119 608 2180 630 non

229 656 336 686 dubito
361 656 433 694 quin
457 657 637 693 dignissima
662 658 710 694 sit,
736 665 813 695 quae
837 657 928 686 etiam
953 660 1044 694 atque
1068 657 1160 686 etiam
1184 657 1212 685 in
1236 656 1388 685 hominum
1414 655 1590 685 memoriam
1610 655 1783 684 reducatur.
1822 655 1900 685 Nam
1924 657 2061 693 quamvis
2085 656 2179 685 elum-

227 712 275 741 bis
299 712 452 742 interdum
476 712 634 751 fractaque
658 714 799 743 videatur
823 713 886 742 eius
910 713 1018 749 oratio,
1049 722 1137 750 quani
1162 712 1299 748 Caligula
1323 713 1395 740 olim
1420 720 1473 740 suo
1499 712 1562 740 iure
1586 720 1711 740 arenam
1736 712 1801 740 sine
1825 712 1909 741 calce
1934 721 2001 741 esse
2025 712 2128 741 aiebat
2143 712 2178 750 ⁵³),

229 769 369 805 quamvis
400 769 451 798 ille
482 770 594 798 multus
626 770 666 798 sit
694 771 723 799 in
756 770 861 799 eadem
893 770 1043 798 sententia
1073 778 1161 806 quam
1194 769 1354 806 plurimum
1386 769 1535 797 versanda
1568 777 1602 797 ac
1633 767 1782 796 similibus
1814 769 1962 806 exemplis
1993 768 2179 798 testimoniis

228 826 455 861 coagmentatis
469 825 662 862 illustranda,
688 826 717 855 id
741 829 842 855 tamen
867 834 963 862 nemO,
988 826 1038 863 qui
1062 834 1187 862 aequum
1213 825 1355 854 iudicium
1380 823 1482 853 facere
1506 824 1587 860 velit,
1614 833 1673 853 non
1698 824 1847 854 concedet
1871 828 1901 854 et
1917 825 2086 863 principem
2111 833 2179 855 eum

230 881 385 917 quondam
400 880 493 910 fuisse
508 882 691 911 eruditionis
705 882 886 919 minimeque
901 882 1074 910 miratorein
1100 882 1230 909 inanium
1247 881 1271 918 3)
1297 885 1326 910 et
1344 881 1491 909 neminem
1511 889 1642 917 unquam
1660 880 1876 918 philosophum
1893 884 1945 911 aut
1959 881 2108 911 Graecum
2127 887 2179 911 aut

235 937 405 965 Romanum
438 943 500 966 tam
532 947 627 975 prope
659 939 698 967 ad
729 938 970 967 Christianorum
1002 938 1171 966 doctrinam
1196 937 1385 973 maximeque
1409 937 1447 966 ad
1472 937 1557 966 illam
1581 945 1658 974 quae
1683 938 1712 966 in
1735 937 1798 966 vita
1822 937 2015 974 moribusque
2040 942 2180 968 versatur

230 994 418 1029 accessisse,
455 994 536 1031 quod
560 995 713 1031 quomodo
745 993 859 1023 sactum
891 994 929 1023 sit
960 994 1049 1023 etiam
1075 1003 1151 1022 nunc
1176 992 1373 1023 difficillimos
1397 993 1489 1022 habet
1512 992 1682 1031 explicatus
1706 996 1798 1031 atque
1821 993 1899 1023 adeo
1923 993 1999 1023 satis
2024 994 2179 1025 enucleari

231 1057 323 1087 posse
347 1048 396 1079 vix
420 1058 552 1088 unquam
576 1049 697 1080 videtur
712 1050 748 1089 4).
793 1049 854 1080 Sed
878 1057 943 1079 cum
964 1048 1080 1079 Seneca
1103 1049 1173 1078 olim
1197 1049 1291 1078 multo
1316 1050 1430 1078 maiore
1453 1048 1589 1078 floruerit
1612 1050 1712 1085 gratia
1735 1053 1826 1087 atque
1844 1050 1936 1078 etiam
1953 1051 2179 1087 gymnasiorum

230 1104 392 1142 discipulis
416 1112 476 1132 nou
500 1105 594 1133 semel
618 1106 795 1143 propositus
819 1105 874 1140 sit,
910 1106 989 1140 quod
1013 1106 1049 1133 ab
1075 1114 1109 1133 eo
1134 1106 1249 1141 optima
1273 1106 1311 1133 ad
1336 1106 1416 1133 vitae
1448 1106 1623 1134 discrimina
1652 1114 1737 1134 arma
1768 1107 1831 1142 peti
1862 1115 1952 1143 posse
1987 1111 2177 1143 putarentur,

230 1170 310 1188 nunc
334 1160 399 1188 fere
422 1170 482 1189 non
506 1162 597 1190 modo
621 1163 651 1189 in
676 1162 779 1197 aliquo
803 1170 927 1190 numero
953 1163 1005 1191 sed
1029 1170 1065 1190 ne
1090 1166 1179 1191 notus
1203 1162 1323 1197 quidem
1349 1165 1405 1190 est.
1431 1162 1536 1197 Itaque
1560 1171 1671 1199 operae
1694 1162 1826 1199 pretium
1843 1162 1964 1192 videtur
1981 1171 2047 1192 esse
2064 1161 2181 1200 aliquid

231 1225 288 1253 pro
312 1217 392 1246 virili
416 1220 505 1254 parte
529 1215 678 1253 conferre,
704 1220 735 1247 ut
758 1216 788 1246 iu
813 1225 858 1253 eo,
882 1226 941 1254 quo
965 1225 1021 1255 par
1044 1220 1098 1254 est,
1123 1216 1281 1251 dignitatis
1304 1216 1400 1252 gradu
1424 1216 1531 1246 iterum
1556 1216 1734 1247 collocetur.

394 1271 538 1302 Ceterum
562 1272 592 1301 in
616 1272 745 1302 aliorum
769 1272 901 1302 inventis
923 1273 1139 1310 percenscndis
1164 1280 1266 1301 eorum
1290 1276 1408 1300 tautum
1431 1272 1579 1300 rationem
1598 1273 1727 1309 habebo,
1752 1282 1829 1310 quae
1848 1274 1939 1301 etiam
1956 1282 2034 1301 nunc
2051 1274 2179 1302 alicuius

231 1329 375 1357 videntur
398 1336 465 1356 esse
489 1329 651 1363 momenti,
683 1337 780 1364 neque
804 1329 985 1364 quidquam,
1017 1329 1101 1356 euius
1125 1329 1277 1356 mentione
1302 1329 1331 1355 iu
1355 1329 1526 1356 universum
1550 1329 1667 1364 aliquid
1690 1329 1797 1366 profici
1821 1330 1934 1366 possit,
1968 1339 2015 1358 me
2040 1330 2179 1359 omisisse

229 1393 339 1421 spero,
375 1385 471 1412 multa
493 1387 614 1419 tamen,
646 1393 724 1421 quae
748 1384 863 1413 leviora
886 1387 939 1412 aut
962 1383 1011 1412 vix
1035 1383 1126 1413 dubia
1150 1387 1235 1419 sunt,
1260 1383 1353 1413 missa
1376 1382 1496 1413 faciam.
1542 1382 1578 1413 In
1602 1383 1764 1415 afferendis
1788 1384 1923 1415 Senecae
1948 1384 2049 1416 verbis
2073 1385 2180 1416 Haasii

228 1442 260 1467 et
285 1438 449 1468 lectionem
474 1442 504 1468 et
527 1447 721 1468 numerorum
746 1438 1006 1476 computationem
1031 1443 1153 1467 secutus
1178 1447 1252 1474 sum,
1277 1439 1334 1467 nisi
1359 1443 1464 1476 aperte
1489 1439 1571 1468 aliud
1594 1440 1747 1468 admonui.

393 1585 452 1624 Ep.
480 1587 505 1621 1,
533 1587 559 1615 l.
582 1585 758 1615 ‘mam'ma
775 1594 856 1622 pars
879 1585 957 1614 ritae
980 1584 1117 1615 elabitur
1140 1585 1219 1615 male
1242 1585 1418 1623 (mentibus,
1452 1594 1595 1622 massua
1618 1585 1703 1614 nihil
1724 1586 1895 1623 clyentibus,
1923 1587 1982 1615 tnta
2008 1586 2068 1615 rIta
2091 1586 2182 1616 aliud

230 1641 408 1680 astralibus]
433 1641 559 1677 Madvig
573 1642 599 1680 ⁶)
624 1641 678 1678 (11.
701 1642 759 1670 461
787 1641 845 1679 sq.)
878 1642 998 1670 inverso
1029 1641 1135 1670 ordine
1166 1650 1308 1679 maqna
1334 1663 1499 1670 ......
1524 1651 1550 1669 m
1562 1642 1696 1670 wrt'ma
1729 1651 1794 1670 cum
1827 1642 1981 1671 veteribus
2012 1643 2182 1672 editoribus

229 1698 424 1727 scribendum
449 1705 516 1727 esse
539 1698 669 1736 putavit,
693 1698 774 1734 quod
798 1697 910 1735 duplex
933 1697 1073 1733 gradatio
1097 1697 1126 1725 in
1150 1697 1250 1726 verbis
1274 1701 1356 1726 esset
1411 1697 1502 1726 Putat
1519 1696 1599 1726 enim
1620 1696 1754 1726 Senecae
1771 1707 1831 1727 non
1847 1698 1985 1735 potuisse
2001 1698 2031 1727 in
2050 1702 2182 1728 mentem

229 1755 352 1790 venire,
387 1754 525 1791 quamvis
549 1757 671 1783 austere
694 1754 858 1789 iudicanti,
894 1753 1038 1782 maiorem
1062 1758 1179 1790 partem
1204 1754 1284 1782 vitae
1308 1754 1337 1782 in
1361 1753 1439 1782 male
1463 1753 1583 1789 agendo
1608 1762 1697 1790 quam
1729 1754 1758 1783 in
1793 1754 1867 1783 nihil
1892 1754 2010 1790 agendo
2034 1755 2181 1785 consumi.

229 1812 272 1840 At
294 1811 344 1840 vix
368 1811 508 1847 cuiquam
531 1810 648 1848 poterit
670 1809 802 1847 probare
826 1817 844 1837 a
867 1808 945 1837 male
969 1809 1102 1845 agendo,
1137 1809 1217 1846 quod
1250 1809 1413 1847 pessimum
1445 1809 1500 1845 sit,
1538 1809 1662 1846 procedi
1695 1810 1734 1840 ad
1765 1810 1842 1840 nihil
1865 1810 2014 1847 agendum
2037 1814 2182 1848 tanquam

228 1866 344 1902 minus,
380 1866 419 1895 ad
443 1865 527 1895 aliud
550 1865 719 1901 agendum,
754 1867 899 1902 tanquam
922 1864 1044 1894 minime
1069 1865 1189 1894 malum.
1245 1864 1343 1894 Immo
1367 1873 1433 1894 cum
1459 1865 1596 1894 Senecae
1620 1865 1746 1896 chartae
1770 1866 1968 1904 plenissimae
1992 1867 2053 1896 sint
2075 1875 2182 1904 quere-

230 1922 337 1958 larum,
362 1921 471 1959 quibus
495 1920 699 1959 philosophus
723 1923 886 1955 strenuam,
911 1928 970 1957 qua
994 1920 1046 1948 illa
1070 1921 1269 1949 exercebatur
1292 1925 1387 1956 actas,
1412 1920 1556 1949 inertiam
1581 1925 1611 1949 et
1633 1922 1716 1951 aliud
1740 1922 1850 1958 agendi
1874 1922 2073 1959 cupiditatem
2096 1922 2182 1951 velli-

227 1981 293 2013 cat,
330 1980 395 2006 tum
417 1985 490 2005 vero
515 1985 552 2005 ex
576 1976 649 2005 dial.
676 1976 723 2010 10,
751 1976 788 2005 12
813 1984 858 2012 sq.
881 1979 1027 2013 apparet,
1062 1984 1150 2012 quam
1181 1977 1291 2006 acerbe
1325 1976 1468 2006 nonnulla
1500 1980 1586 2006 certe
1609 1978 1674 2007 eius
1697 1986 1810 2014 genera
1833 1978 2037 2016 perstringat,
2072 1977 2181 2015 quibus

228 2031 381 2070 implicari
404 2031 561 2061 Fabianus
584 2030 789 2069 philosophus
812 2030 964 2060 dubitavit
986 2039 1023 2060 an
1047 2032 1133 2069 peius
1157 2035 1238 2060 esset
1268 2040 1357 2068 quam
1388 2031 1479 2060 nullis
1510 2032 1621 2061 studiis
1652 2033 1808 2062 admoveri
1840 2033 1904 2070 (13,
1928 2033 1972 2070 9).
2025 2033 2182 2062 Adversus

227 2088 358 2118 alteram
381 2087 534 2124 Madvigii
558 2088 711 2117 rationem
734 2088 827 2117 etiam
850 2087 926 2117 illud
949 2086 1040 2123 facit,
1076 2087 1157 2124 quod
1180 2088 1220 2116 ibi
1246 2087 1310 2124 (12,
1336 2088 1368 2125 8)
1393 2087 1540 2125 scriptum
1564 2091 1611 2117 est
1642 2090 1763 2119 tantum
1787 2088 2014 2118 incredibilium
2036 2089 2183 2118 ritiorum

226 2145 316 2182 copia
340 2144 506 2182 inqenioso
528 2144 562 2173 in
583 2143 640 2174 hoc
662 2152 764 2174 unum
786 2143 909 2173 saeculo
926 2144 1085 2180 process-il,
1122 2145 1154 2172 ul
1177 2143 1239 2172 iam
1264 2144 1429 2173 »limorum
1453 2152 1586 2181 aryuere
1603 2145 1764 2181 possimus
1786 2145 2009 2183 meyleyenticmz
2033 2143 2086 2182 (cf.
2110 2144 2139 2174 d.
2153 2145 2181 2184 9,

230 2200 292 2240 12).
337 2199 481 2230 ceterum
505 2200 531 2230 si
554 2199 689 2238 genuina
711 2199 785 2228 olim
808 2199 902 2228 lectio
926 2199 1064 2227 maxima
1088 2221 1094 2227 .
1120 2221 1126 2227 .
1152 2221 1157 2227 .
1182 2222 1187 2227 .
1212 2208 1331 2236 mayna
1354 2202 1430 2234 erat,
1455 2199 1504 2227 vix
1529 2199 1727 2236 intellegitur,
1762 2209 1816 2229 cur
1838 2201 1945 2238 optimi
1968 2200 2092 2229 codices
2115 2208 2183 2229 eam

224 2266 285 2286 non
308 2256 508 2292 retinuerint,
545 2265 613 2284 cum
637 2256 715 2284 haec
737 2258 822 2284 certe
845 2255 994 2284 orationis
1024 2254 1123 2284 forma
1153 2256 1373 2290 elegantiorem
1397 2256 1531 2292 speciem
1556 2263 1630 2292 prae
1654 2264 1686 2285 se
1709 2255 1805 2286 ferat:
1840 2260 1948 2287 contra
1970 2256 1995 2285 si
2020 2256 2183 2286 verborum

202 2345 204 2347 ,
223 2313 346 2343 illorum
369 2313 446 2343 ordo
470 2312 610 2342 inversus
633 2314 717 2347 erat,
754 2309 902 2341 facillime
925 2319 1049 2347 eorum,
1084 2311 1134 2348 qui
1156 2311 1278 2349 peiores
1303 2311 1428 2341 codices
1452 2314 1672 2346 exaraverunt,
1708 2311 1818 2349 aliquis
1840 2310 2041 2349 grammatica
2063 2311 2183 2343 ratione

224 2369 326 2407 potuit
348 2368 478 2404 adduci,
512 2371 547 2397 ut
570 2367 742 2397 orationem
771 2366 869 2403 magis
902 2370 1067 2396 conaretur
1098 2367 1293 2396 concinnare.
1340 2366 1476 2396 Senecae
1500 2370 1603 2395 autem
1626 2367 1725 2396 oratio
1748 2367 1807 2397 hoc
1829 2368 1897 2397 loco
1920 2368 2045 2406 proprie
2068 2371 2115 2398 est
2136 2368 2182 2398 bi-

221 2425 338 2463 pertita
367 2424 560 2461 alterumque
591 2422 760 2453 membrum
790 2422 890 2460 ipsum
914 2430 1035 2459 quoque
1058 2421 1252 2460 bipartitum.
1298 2421 1411 2451 Omnes
1443 2425 1532 2460 putat
1561 2425 1629 2451 tota
1656 2422 1720 2452 vita
1749 2422 1833 2452 aliud
1864 2431 1954 2460 agere
1985 2423 2004 2452 i.
2030 2431 2055 2452 e.
2079 2431 2183 2453 veram

388 2513 411 2547 ¹)
432 2512 478 2539 Fr.
500 2511 671 2546 Buecheler,
695 2512 824 2539 Senecae
845 2511 983 2546 epistulas
1003 2511 1114 2544 aliquot
1129 2519 1165 2537 ex
1180 2509 1388 2545 Bambergensi
1403 2512 1433 2537 et
1448 2509 1684 2544 Argentoratensi
1699 2509 1846 2538 codicibus
1860 2510 1951 2539 edidit
1964 2510 2085 2539 Bonnae
2102 2512 2184 2540 1879.

216 2581 253 2585 —-
275 2564 301 2600 2)
322 2564 404 2593 Suet.
424 2561 516 2598 Calig.
538 2562 584 2591 58.
605 2577 643 2583 -
663 2561 692 2597 ⁸)
711 2560 788 2590 Plin.
801 2562 861 2589 nat.
874 2560 939 2589 hist.
963 2560 1006 2596 14,
1027 2561 1074 2589 51.
1089 2576 1126 2581 -
1147 2560 1174 2596 ⁴)
1196 2558 1276 2592 Quae
1298 2559 1326 2588 J.
1348 2559 1482 2595 Kreyher
1501 2560 1631 2595 (Seneca
1650 2560 1707 2588 und
1727 2561 1807 2588 scine
1828 2560 2031 2596 Beziebungen
2051 2570 2114 2588 zum
2134 2561 2185 2588 Ur·

216 2616 417 2650 ehi-intentum,
440 2615 529 2650 1887)
560 2614 693 2649 contulit,
726 2613 762 2641 iis
781 2614 896 2648 quidem
916 2612 1027 2640 videtur
1046 2613 1163 2647 probari
1183 2612 1292 2647 aliquid
1312 2613 1417 2640 saltem
1437 2621 1474 2640 ex
1496 2611 1722 2641 christianorum
1741 2613 1872 2641 doctrina
1892 2613 1928 2641 nd
1948 2613 2079 2641 Senecae
2100 2621 2184 2641 auree

214 2668 391 2704 pervenisse,
420 2666 473 2695 sed
493 2666 571 2701 quod
592 2667 732 2696 Senecam
752 2665 836 2695 Pauli
856 2664 981 2702 apostoli
1011 2663 1217 2693 consuetudine
1247 2668 1378 2692 utentem
1407 2662 1481 2691 facit
1509 2673 1542 2691 ac
1567 2662 1757 2700 Theophilum
1775 2664 1854 2691 illum
1873 2663 1967 2692 Lucae
1987 2665 2183 2700 evangelistae

214 2721 333 2757 proprie
355 2721 497 2748 Senecam
516 2717 606 2746 fuisse
628 2717 787 2753 contendit,
817 2725 928 2751 vereor,
958 2726 993 2743 ne
1025 2716 1171 2744 doctorum
1201 2715 1333 2743 irrisione
1363 2716 1485 2743 ludatur.
1517 2731 1553 2735 —
1588 2715 1617 2749 ὁ)
1639 2716 1811 2743 Adversaria
1830 2718 1928 2743 critica
1948 2719 1965 2744 2
1985 2719 2021 2745 tt.
2052 2717 2183 2744 Hauniae

220 2774 304 2802 1871.
327 2773 409 2801 18⁷3.
