2383 3039
1210 58 1245 86 ll

252 182 293 187 —
310 165 353 196 ad
372 165 444 195 hoc
459 165 702 203 properantibus
726 164 757 204 (ἓ
776 165 794 195 6
811 164 866 204 in.)
890 168 922 195 et
943 167 1058 202 quanto
1080 165 1153 195 hoc
1174 165 1280 195 maius
1301 166 1481 195 est—esse
1502 161 1756 202 philosophiam?
1789 161 1879 200 Quod
1901 161 1926 192 si
1949 160 2120 192 scribemus
2141 159 2221 193 hoe

253 220 353 263 [ΔΜ]
387 220 564 260 quidem,
602 220 678 251 satis
701 220 847 260 expedita
882 220 940 251 erit
962 221 1081 259 oratio,
1115 221 1146 252 id
1170 221 1252 261 quod
1273 219 1453 261 apparebit,
1487 219 1514 249 si
1536 218 1782 259 philosophiam,
1817 225 1896 258 quac
1918 218 1991 257 quin
2013 216 2227 265 intellegatur·

252 287 313 308 non
336 279 460 308 dubium
483 281 539 314 est,
563 286 618 307 suo
640 278 709 307 loco
732 286 882 316 ponamus
904 287 961 316 pro
984 278 1048 307 hoe.
1087 278 1162 308 'rum
1188 278 1266 308 haec
1290 282 1338 308 est
1360 277 1530 308 sententia:
1554 280 1669 315 quanto
1691 275 1890 314 philosophia
1911 275 2011 306 maior
2031 278 2081 305 est
2103 273 2212 314 [quan

253 334 367 364 milites
390 334 508 364 obsessi
531 332 702 372 famemque
725 333 888 364 tolerantis
910 333 1093 374 patientia],
1136 342 1196 374 qua
1218 334 1409 374 promittitur
1430 336 1583 373 perpetua
1604 331 1750 369 libertas,
1785 330 1897 361 nullius
1919 339 1976 361 nec
1997 330 2130 361 hominis
2152 338 2212 361 nec

254 391 305 420 dei
328 390 436 419 timor:
461 390 519 419 hac
542 390 663 428 quidem
686 390 885 428 philosophia
907 390 955 420 vel
979 391 1125 420 esurienti
1149 391 1188 421 ad
1212 391 1273 421 ista
1294 390 1477 421 veniendum
1502 392 1551 419 est
1573 388 1608 428 [i.
1631 397 1658 419 e.
1681 388 1722 419 ad
1745 388 1824 418 illud
1845 388 2024 426 praemium,
2055 388 2138 426 quod
2160 390 2212 418 est

253 446 286 476 in
307 446 466 477 arbitrium
490 456 550 477 non
573 447 683 478 cadere
705 447 852 485 victoris,
878 446 1093 486 philosophum
1115 456 1172 486 per
1194 455 1227 478 se
1250 447 1353 478 venire
1376 454 1503 477 necesse
1526 448 1582 484 est,
1606 445 1728 485 quando
1752 444 1875 484 quidem
1901 453 1979 475 unus
2001 443 2205 484 philosophus

255 502 301 531 sui
324 510 445 540 semper
466 503 541 532 iuris
564 507 619 540 est,
644 511 795 541 uunquam
819 502 975 542 vincitur]
1000 502 1142 532 Ceterum
1167 512 1227 532 non
1243 504 1342 539 video,
1367 502 1623 540 quemadmodum
1646 503 1749 537 ista,
1774 502 1856 539 quod
1874 501 1981 539 optimi
1998 501 2069 531 libri
2085 502 2210 538 habent,

256 558 281 589 si
304 559 480 598 retineatur,
504 560 596 590 aliter
618 563 702 590 recte
726 559 927 599 interpretari
950 559 1061 599 possis.

415 617 558 646 Addatur
580 616 610 645 in
632 616 826 654 paragrapho
850 616 1023 653 insequenti
1045 615 1233 652 Madvigium
1265 616 1340 646 satis
1370 617 1481 645 iustam
1511 623 1634 645 causam
1666 615 1829 651 habuisse,
1867 623 1921 644 cur
1950 614 2088 649 foedis
2117 614 2211 644 vellet

255 672 399 709 scribere,
422 682 482 702 non
505 672 689 709 foedius,
715 672 866 702 Koehium
892 672 969 701 scite
993 671 1165 701 correxisse
1189 671 1223 709 (l.
1246 672 1266 701 l.
1290 673 1348 702 715
1373 671 1432 711 sq.)
1455 671 1639 709 quodque
1660 671 1763 710 mayis
1785 670 1918 706 miseris,
1943 679 2000 709 pro
2024 678 2153 708 quoque.

419 730 465 766 17,
490 729 518 758 8.
580 728 631 758 Ita
665 729 733 758 est?
777 737 846 758 cum
880 728 986 757 omnia
1020 727 1169 757 habueris
1192 749 1334 764 ......
1379 730 1414 758 ut
1446 728 1489 757 ila
1521 728 1638 764 dicam,
1685 726 1955 766 additamentum]
2012 726 2098 756 Haec
2132 730 2209 764 puto

254 786 485 823 transponenda
508 794 575 815 esse
598 788 669 823 post
690 794 737 814 me
760 786 855 815 totum.
878 783 1097 822 philosophiae
1120 784 1198 814 dabo
1215 783 1246 823 (ξ
1262 784 1304 823 5).
1329 784 1390 815 Sed
1414 793 1480 814 cum
1505 784 1593 814 huius
1616 784 1756 823 opusculi
1772 784 1896 815 modum
1912 783 2003 820 longe
2019 783 2207 821 transierim,

255 840 281 870 si
304 844 401 870 totum
424 841 644 870 sententiarum
668 840 806 870 ordinem
829 839 1007 870 describere
1030 842 1061 868 et
1084 843 1228 869 accurate
1252 847 1404 878 exponere
1428 840 1532 876 velim,
1567 840 1643 869 satis
1675 840 1775 870 habeo
1806 840 1962 875 indicare,
2000 847 2090 877 quam
2114 838 2208 869 facile

255 900 318 927 tum
342 898 440 927 oratio
464 901 592 935 utroque
615 897 684 926 loco
708 901 822 926 currat.
868 896 945 926 Tum
968 895 1048 925 enim
1072 895 1116 925 sic
1139 896 1332 927 scribendum
1356 900 1418 926 est:

417 952 433 992 ξ
458 955 485 982 5.
510 952 643 992 [Seneca
665 951 816 982 Lucilium
840 950 916 981 facit
939 951 1146 989 disputantem
1158 950 1179 990 z]
1207 951 1344 981 nondum
1367 952 1471 988 habeo,
1495 954 1648 989 quamam
1668 954 1721 982 sat
1742 955 1793 982 est.
1817 953 1847 982 si
1868 953 1910 982 act
1933 953 2024 982 illam
2046 962 2202 982 summam

247 1019 425 1047 pervenero,
450 1012 523 1039 tune
546 1018 590 1038 me
613 1011 710 1038 totam«
730 1007 953 1045 philosophiae
978 1008 1066 1038 (laba
1115 1006 1277 1047 [sennem]
1300 1008 1351 1039 Ita
1375 1008 1442 1039 est?
1464 1017 1534 1039 cum
1556 1009 1662 1039 omnia
1683 1008 1843 1045 habueris,
1867 1011 1942 1039 tanc
1963 1009 2077 1040 habere
2099 1011 2127 1039 et
2147 1018 2200 1039 sa-

248 1065 406 1103 pientiam
430 1065 535 1095 roles?
566 1064 642 1094 hacc
664 1064 722 1094 erit
746 1064 888 1094 ultimum
911 1064 992 1093 vitae
1017 1063 1254 1093 instrumentum
1287 1065 1315 1093 et
1337 1066 1369 1093 ut
1391 1064 1456 1093 (lico
1480 1064 1749 1095 additamentum?
1782 1064 1870 1101 atqui
1891 1064 1974 1094 nihil
1987 1065 2083 1102 prius
2105 1074 2201 1102 aetam

253 1121 309 1151 hoc
324 1122 508 1158 parandam
530 1124 582 1151 est.
606 1121 688 1158 qaod
711 1124 743 1150 ta
768 1120 877 1156 differs
900 1122 928 1149 et
944 1122 1015 1157 post
1038 1121 1137 1149 cetera
1155 1128 1271 1157 paras,
1308 1121 1346 1150 ab
1377 1121 1431 1150 hoe
1461 1121 1673 1158 incipiendum
1695 1120 1762 1160 est]
1808 1120 1987 1151 Notandum
2010 1126 2075 1158 est,
2112 1130 2204 1160 quam

255 1181 327 1216 apte
351 1181 382 1207 et
405 1177 574 1216 composite
597 1176 838 1213 indignationem
862 1175 1082 1213 interrogantis
1105 1179 1250 1213 sequatur
1272 1176 1425 1206 subtiliter
1447 1176 1629 1215 exponentis
1651 1177 1745 1215 plana
1767 1177 1813 1206 vis
1830 1177 1957 1215 ,‚atqui“
1981 1178 2200 1208 coniunctione

256 1233 431 1263 subiuncta.

418 1288 434 1327 ξ
459 1290 476 1317 7
500 1297 544 1326 sq.
568 1288 639 1319 Non
661 1290 704 1317 est
726 1297 797 1325 erqo
816 1288 910 1324 prins
933 1286 1183 1324 adquirendum:
1206 1287 1274 1317 licet
1294 1288 1336 1318 ad
1350 1288 1582 1326 philosophiam
1605 1289 1697 1319 etiam
1719 1289 1788 1319 sine
1811 1289 1926 1318 viatico
1942 1290 2121 1327 pervenire.
2155 1290 2184 1321 T
2184 1300 2204 1321 ec

256 1354 325 1374 vero
348 1346 410 1374 sire
433 1345 558 1381 aliquid
578 1345 691 1374 habes:
727 1345 790 1373 iam
808 1343 1039 1380 philosophare.
1074 1343 1156 1373 unde
1179 1344 1261 1373 enim
1282 1345 1352 1380 seis,
1376 1354 1418 1374 an
1441 1346 1505 1374 iam
1526 1345 1622 1374 nimis
1643 1344 1785 1374 habeas?
1818 1345 1885 1374 sive
1907 1344 1989 1375 nihil
1997 1356 2007 1375 .·
2036 1345 2092 1376 hoe
2107 1347 2205 1384 prius

257 1410 369 1438 quaere
391 1410 484 1439 qaam
507 1399 697 1439 quiequam]
736 1399 779 1430 Ut
801 1399 893 1438 paulo
917 1398 1039 1430 uberius
1061 1408 1124 1429 rem
1148 1399 1342 1438 explicemus,
1367 1400 1424 1430 hoc
1446 1400 1538 1431 dicit:
1561 1399 1651 1431 Licet
1673 1400 1784 1431 saltem
1808 1401 1875 1431 sine
1898 1401 2017 1432 divitiis
2040 1401 2080 1432 ad
2103 1402 2205 1441 pbilo-

257 1456 396 1494 sophiam
419 1456 537 1492 venire,
562 1456 634 1486 licet
659 1456 750 1485 etiam
773 1455 877 1492 diviti,
910 1455 1075 1485 dummodo
1099 1455 1208 1484 iustam
1232 1456 1305 1485 velit
1328 1457 1405 1485 viam
1429 1456 1557 1493 ingredi.
1603 1457 1670 1486 Hoc
1693 1465 1764 1486 vero
1789 1458 1996 1487 certissimum
2020 1462 2067 1487 est
2091 1459 2205 1489 debere

256 1516 287 1543 te
311 1516 396 1543 recta
419 1513 467 1542 via
490 1513 529 1543 ad
552 1512 779 1551 philosophiam
804 1511 1000 1549 contendere,
1025 1511 1088 1542 sive
1112 1512 1206 1549 dives,
1230 1512 1293 1542 sive
1315 1521 1432 1551 pauper
1454 1521 1496 1543 es.
1542 1512 1627 1550 Vide,
1652 1521 1742 1551 quam
1766 1512 1914 1551 singulari
1938 1514 1967 1544 vi
1992 1515 2108 1551 ‚,vero“
2131 1523 2204 1545 con-

256 1570 371 1599 iunctio
394 1570 546 1606 iniciatur,
575 1578 663 1607 quam
687 1569 768 1599 haud
793 1569 856 1599 scio
880 1577 919 1598 an
942 1569 972 1598 in
995 1569 1118 1605 vulgato
1141 1568 1301 1598 verborum
1325 1570 1431 1599 ordine
1455 1577 1514 1599 non
1537 1569 1660 1600 habeat.

421 1627 467 1663 17,
495 1627 541 1655 10.
569 1626 657 1663 Quod
681 1625 811 1655 Bartsch
836 1625 869 1662 (1.
893 1624 913 1654 1.
937 1634 966 1662 p,
994 1625 1044 1663 19)
1068 1624 1164 1655 voluit
1186 1625 1279 1655 verba
1300 1627 1333 1655 tu
1358 1625 1560 1663 locupletibus
1584 1650 1716 1656 .....
1740 1628 1791 1656 sat
1812 1629 1856 1657 est
1877 1628 2112 1666 transponenda
2134 1637 2204 1660 esse

256 1685 327 1720 post
349 1682 444 1711 nimis
466 1682 581 1711 habeas
606 1681 636 1721 (ξ
653 1682 685 1720 8)
709 1682 741 1712 id
763 1690 809 1711 me
833 1689 943 1719 capere
968 1689 1026 1710 uon
1050 1689 1140 1719 posse
1164 1680 1312 1711 confiteor
1334 1690 1370 1711 ac
1393 1689 1519 1720 prorsus
1542 1681 1648 1711 reicio.
1692 1682 1801 1721 Neque
1817 1683 1914 1721 magis
1935 1684 2039 1722 placet
2055 1685 2206 1723 Madvigii

256 1737 443 1767 coniectura.
488 1736 561 1766 Cum
586 1737 665 1766 enim
689 1738 718 1766 in
742 1737 828 1766 libris
853 1736 892 1765 sit
916 1736 991 1765 idem
1016 1738 1118 1766 autem
1141 1737 1225 1766 omui
1245 1737 1356 1772 seculo,
1381 1737 1483 1774 quod
1505 1739 1569 1766 sat
1590 1740 1662 1773 est,
1698 1738 1730 1768 id
1753 1739 1836 1776 quod
1859 1742 1891 1768 et
1914 1739 2018 1770 Haase
2042 1742 2151 1771 scribit
2174 1746 2206 1772 et

256 1802 283 1822 v.
308 1792 367 1823 Jan
382 1792 406 1831 ¹)
441 1793 560 1831 probat,
604 1792 729 1829 Madvig
763 1792 870 1822 scribit
904 1791 981 1821 idem
1016 1802 1045 1822 a.
1069 1801 1095 1822 o.
1119 1792 1222 1823 seculo
1255 1794 1306 1822 sat
1337 1794 1388 1822 est.
1443 1793 1485 1822 At
1508 1792 1636 1830 Seneca,
1671 1794 1758 1832 quasi
1793 1795 1967 1833 quaesitum
2002 1801 2095 1834 esset,
2131 1798 2206 1836 quid

256 1848 379 1877 tandem
402 1848 482 1876 iusto
506 1848 570 1877 iure
594 1849 672 1877 satis
696 1856 762 1876 esse
786 1848 914 1881 dicatur,
940 1848 1065 1883 indicat,
1090 1848 1121 1877 id
1145 1848 1250 1885 quaeri
1272 1857 1332 1877 non
1355 1856 1431 1885 opus
1455 1856 1531 1885 esse,
1566 1850 1648 1886 quod
1671 1850 1753 1879 omni
1777 1851 1815 1880 de
1839 1851 1894 1880 illa
1919 1860 1951 1880 re
1975 1853 2099 1882 saeculo
2123 1854 2206 1884 idem

256 1902 371 1934 factum
394 1903 433 1934 sit
456 1903 611 1934 iudicium.

420 1961 466 1996 18,
491 1961 518 1988 7.
542 1962 614 1989 teme
638 1983 644 1988 .
670 1984 674 1988 .
702 1983 707 1988 .
730 1960 900 1989 exsultabis
923 1960 1066 1996 dipondio
1089 1962 1179 1989 satur
1201 1963 1228 1989 et
1251 1960 1406 1998 iutelleyes
1429 1961 1471 1990 ad
1492 1962 1760 1992 securitatem
1782 1972 1845 1992 non
1868 1973 1948 2001 opus
1971 1974 2036 1995 esse
2057 1966 2207 2001 fortuna:

256 2015 312 2045 hoe
334 2016 423 2051 enim,
448 2016 529 2053 qnod
550 2015 723 2045 necessitati
744 2018 792 2045 sat
815 2017 866 2050 est,
891 2015 958 2044 dat
981 2017 1015 2045 et
1039 2013 1175 2054 irata]
1221 2015 1333 2045 Maluit
1355 2025 1382 2046 v.
1399 2015 1458 2046 Jan
1474 2016 1499 2055 2)
1523 2017 1686 2047 nonnullos
1709 2018 1836 2049 codices
1851 2023 1975 2050 secutus
1998 2022 2205 2060 saturitatmn‚

258 2073 339 2110 quod
361 2073 459 2110 ipsum
483 2072 629 2110 seriptum
653 2076 699 2100 est
722 2070 738 2110 ξ
764 2072 801 2100 10
826 2070 878 2108 (ef.
903 2079 950 2108 ep.
977 2072 1022 2107 19,
1048 2071 1080 2109 7)
1110 2071 1152 2100 In
1180 2071 1236 2100 hoc
1257 2074 1292 2101 tu
1314 2072 1394 2101 vieta
1424 2073 1694 2103 saturitatem
1723 2083 1788 2104 esse
1812 2077 1937 2112 putas?
1982 2076 2045 2107 Sed
2068 2079 2150 2115 quod
2174 2083 2206 2109 et

257 2128 446 2159 abundantia
468 2128 617 2167 quaedam
640 2131 704 2157 tum
727 2127 863 2156 notanda
886 2130 949 2164 est,
984 2127 1095 2165 quippe
1126 2136 1193 2156 eum
1223 2128 1389 2158 antecedat
1417 2130 1507 2159 satu-r
1536 2132 1567 2159 et
1596 2130 1679 2168 quod
1701 2134 1796 2161 antea
1818 2140 1879 2161 nou
1901 2132 2001 2162 solum
2024 2134 2113 2171 panis
2135 2134 2207 2165 vilis

258 2193 276 2213 a
299 2183 417 2214 Seneca
438 2184 582 2213 laudatur
605 2184 659 2212 sed
682 2184 775 2212 etiam
797 2183 942 2219 grabatus
966 2186 997 2211 et
1019 2191 1133 2219 sagum,
1158 2191 1234 2220 quae
1258 2186 1342 2212 certe
1366 2184 1406 2212 ad
1430 2185 1625 2214 saturitatem
1648 2195 1709 2215 non
1732 2188 1906 2224 pertinent,
1931 2189 2053 2217 videtur
2082 2189 2204 2226 praese-

258 2241 383 2271 rendum
407 2249 474 2271 esse
496 2240 692 2270 securitatem
716 2239 820 2277 (quam
844 2237 962 2268 Seneca
986 2238 1077 2268 etiam
1101 2239 1150 2275 20,
1177 2239 1213 2268 12
1236 2242 1268 2268 et
1290 2239 1339 2276 21,
1366 2240 1380 2268 l
1404 2238 1522 2277 laudat,
1547 2238 1586 2270 cf.
1610 2241 1659 2278 22,
1687 2242 1749 2281 16),
1774 2243 1832 2272 nisi
1857 2241 1939 2274 forte
1960 2244 2032 2273 olim
2057 2245 2205 2283 scriptum

257 2295 315 2325 fuit
336 2297 536 2331 hilaritatem,
561 2296 642 2333 quod
666 2296 758 2324 etiam
781 2294 889 2324 melius
912 2294 1054 2323 convenit
1077 2303 1143 2323 cum
1166 2294 1344 2324 exsultabis.
1370 2294 1485 2324 Postea
1506 2296 1538 2325 in
1561 2297 1679 2334 optimo
1703 2298 1812 2328 codice
1835 2308 1855 2336 p
1879 2300 2025 2337 scriptum
2049 2305 2096 2329 est
2118 2300 2207 2331 debet

256 2354 285 2382 et
307 2353 400 2388 irata,
425 2353 456 2382 in
479 2352 582 2382 multis
604 2351 690 2381 debet
711 2340 806 2381 irata.
851 2349 973 2388 Optime
997 2350 1131 2380 correxit
1153 2349 1257 2388 Haupt
1278 2349 1367 2380 dabit
1390 2352 1418 2380 et
1441 2350 1533 2381 irata.

421 2409 469 2446 18,
496 2409 544 2438 11.
567 2407 649 2446 qaod
670 2416 709 2437 ne
732 2407 774 2437 ad
796 2408 928 2437 oza-ema
959 2406 1081 2443 quidem
1110 2405 1285 2435 decretis
1315 2406 1484 2436 timendum
1508 2407 1557 2437 sit.
1623 2408 1709 2439 Vidit
1733 2409 1861 2448 Madvig
1883 2420 2009 2449 prorsus
2031 2412 2202 2443 inauditum

257 2473 324 2494 esse
356 2465 398 2494 ad
426 2467 561 2495 extrema
591 2464 719 2494 decretis
748 2463 941 2502 correxitque
970 2462 1100 2493 deiectis.
1168 2461 1228 2493 Sed
1258 2470 1367 2493 vereor
1388 2471 1426 2493 ne
1449 2463 1527 2495 haec
1550 2472 1671 2504 quoque
1692 2466 1809 2498 locutio
1833 2468 1909 2498 satis
1932 2468 2046 2499 usitata
2068 2477 2128 2499 non
2151 2470 2202 2508 sit,

256 2528 313 2549 nec
335 2519 424 2549 video
447 2519 526 2549 hanc
548 2519 711 2548 lectionem
735 2520 829 2549 multo
852 2519 978 2557 propius
1001 2519 1039 2547 ad
1063 2518 1201 2547 codicum
1223 2522 1397 2547 commenta
1426 2520 1577 2549 accedere
1604 2528 1695 2558 quam
1727 2523 1809 2560 quod
1832 2524 1985 2553 sententia
2007 2524 2095 2553 unice
2118 2533 2203 2554 com·

256 2576 417 2607 mendatur
439 2575 606 2606 damnatis.

423 2693 445 2728 ¹)
466 2692 630 2728 symbolae,
651 2692 842 2721 Schweinfurt
865 2693 944 2728 1839,
964 2702 994 2728 p,
1013 2693 1055 2721 12.
1076 2708 1111 2712 -
1134 2691 1161 2726 ²)
1182 2691 1271 2719 Jahns
1291 2691 1391 2721 Jahrb.
1412 2693 1458 2729 37,
1479 2703 1506 2729 p.
1525 2695 1568 2722 13.
