2383 3039
1198 59 1215 86 3

224 167 407 206 sapientiam
425 175 484 196 non
501 166 625 201 sectari,
649 169 682 195 at
703 166 868 203 plerosque
891 154 983 195 etiam
1006 165 1138 195 maxima
1160 164 1208 195 vel
1230 172 1342 201 magna
1363 163 1446 193 vitae
1469 166 1558 202 parte
1581 162 1661 193 male
1683 162 1731 193 vel
1755 161 1830 193 nihil
1850 170 1952 201 agere.
1996 162 2076 194 Illud
2091 165 2180 194 certe
2204 148 2207 150 ‚

222 227 349 262 poterat
381 223 483 253 dicere
515 222 541 251 is
572 222 621 252 cui
651 230 722 252 vere
757 222 881 260 sapiens
910 210 1054 260 tanquam
1077 220 1212 260 phoenix
1235 220 1329 250 semel
1352 228 1432 250 anno
1455 218 1697 258 quingentesimo
1720 218 1842 249 videtur
1864 219 1949 249 nasci
1973 218 2034 258 (ep.
2057 219 2108 257 42,
2134 219 2177 259 1),

223 279 283 310 hoc
305 286 365 309 non
387 277 551 308 videbatur
573 277 728 315 quadrare
758 277 789 307 in
820 277 988 317 sapientem
1019 277 1103 307 illum
1133 276 1286 307 secundae
1316 279 1408 306 notae
1439 276 1559 314 qualem
1582 276 1681 314 ipsum
1713 282 1746 305 se
1777 276 1964 305 existimavit
1986 275 2049 314 (ep.
2074 277 2123 312 57,
2147 277 2177 306 3.

225 336 276 371 89,
300 336 329 363 2.
352 334 382 364 d.
406 335 433 371 7,
462 335 498 363 17
521 343 587 372 sqq.
615 335 662 371 12,
688 336 715 371 5,
740 335 758 363 2
782 334 881 373 sqq),
914 334 1026 372 quippe
1058 334 1108 372 qui
1132 334 1303 372 sapientiae
1333 336 1416 363 esset
1438 332 1693 363 studiosissimus.
1739 332 1828 369 Quod
1851 332 1875 361 si
1899 332 1984 371 prius
2006 332 2045 362 de
2067 340 2180 369 magna

223 390 433 428 insipientium
455 390 653 421 multitudine
677 390 771 421 verba
794 389 897 421 facere
920 390 1063 428 instituit,
1087 390 1207 421 initium
1231 388 1334 420 facere
1357 397 1424 420 eum
1448 389 1614 428 oportebat
1629 389 1667 419 ab
1682 389 1730 426 iis,
1755 388 1806 427 qui
1821 388 1924 427 plures
1941 391 2053 426 essent,
2077 396 2177 428 aper—

224 455 312 476 verse
337 446 508 484 agentibus,
533 456 592 477 non
616 456 635 477 a
658 446 825 477 desidibus.

390 504 414 539 l,
439 504 467 533 2.
491 504 576 533 Dum
600 503 748 540 dz'fferlur
771 504 845 539 vila,
870 502 1085 542 transcurrit]
1122 503 1174 534 Sic
1197 511 1318 539 omnes,
1351 502 1432 540 quod
1456 502 1568 538 sciam,
1599 501 1669 531 libri
1693 501 1847 540 impressi.
1893 501 1972 539 Quid
1995 501 2091 531 vero?
2114 502 2178 532 vita

225 559 292 597 ipsa
315 568 385 589 num
407 562 513 598 potest
537 559 676 590 differri?
724 559 818 589 lmmo
842 567 930 596 vero,
962 560 1106 597 quamdiu
1129 559 1195 597 quis
1219 561 1282 596 est,
1318 558 1445 595 vivitur,
1481 558 1544 587 sive
1568 557 1646 587 bene
1669 558 1733 587 sive
1756 557 1846 587 male.
1892 557 1997 587 Potest
2022 557 2085 586 vita
2107 566 2179 588 vere

226 615 344 652 vitalis,
387 623 464 653 quae
487 616 599 645 virtute
623 615 816 651 continetur,
851 618 980 652 possunt
1002 623 1055 651 ea,
1093 615 1202 652 quibus
1224 615 1288 643 vita
1309 614 1439 643 maxime
1464 618 1606 650 ornatur,
1641 614 1773 643 differri:
1806 614 1874 651 ipsa
1896 622 1953 651 per
1975 622 2008 643 se
2030 614 2095 643 vita
2116 623 2177 644 non

229 672 325 708 magis
355 675 458 710 potest
489 672 603 701 differri
635 680 723 709 quam
759 671 884 709 spiritus
907 671 1081 707 anhelatio,
1116 680 1204 708 quam
1228 670 1383 707 sanguinis
1406 674 1517 700 motus.
1562 669 1669 707 Itaque
1692 670 1969 707 interpungendum
1992 673 2055 699 est:
2088 670 2177 701 Dum

227 728 386 763 differtur,
423 728 482 756 rita
513 728 720 763 transcurrit,
756 731 789 756 ut
820 726 965 763 differtur
988 729 1040 756 aut
1066 726 1206 756 absolute
1236 726 1351 756 dictum
1382 726 1422 756 sit
1453 725 1551 764 (wenn
1582 734 1651 755 man
1676 724 1810 765 [immer]
1841 724 2030 764 ausschiebt)
2060 729 2114 756 aut
2136 726 2177 757 ad

231 783 426 820 hodiernum,
462 783 543 821 quod
566 783 737 820 antecedit,
773 781 967 812 referendum
991 782 1031 811 sit
1063 782 1160 820 (wenn
1190 789 1260 811 man
1282 782 1390 811 immer
1412 782 1462 812 die
1485 782 1607 819 heutige
1629 781 1771 818 Aufgabe
1794 780 1983 818 aufschiebt,
2018 781 2098 811 lauft
2120 782 2177 812 das

226 839 330 869 Leben
357 839 422 878 ab).

392 897 416 930 l,
442 897 468 925 3.
494 898 610 932 tempus
633 897 752 925 {unium
775 898 916 925 nostrum
939 896 998 929 est,
1036 895 1068 923 in
1092 894 1186 924 liuius
1217 894 1262 923 rel
1289 894 1385 923 unius
1415 894 1540 933 suyace's
1569 903 1606 924 ac
1635 894 1774 923 lubricae
1799 894 2027 932 possessionem
2057 897 2176 925 nutura

226 960 284 981 nos
312 952 409 987 misit,
445 961 488 981 ea·
516 960 592 988 «suu
623 951 799 989 expellit
828 950 1061 988 quicunque
1092 948 1204 989 cult]
1249 949 1299 980 Sic
1323 950 1420 980 estin
1445 950 1568 989 optimis
1592 950 1758 980 codicibus.
1802 951 1917 980 Tamen
1941 951 2022 981 haud
2046 951 2110 981 scio
2136 960 2176 981 an

227 1016 294 1037 cum
317 1008 420 1037 multis
443 1008 511 1036 aliis
535 1008 615 1036 haud
641 1008 830 1045 spernendae
851 1007 1045 1034 auctoritatis
1062 1006 1253 1035 scribendum
1270 1007 1326 1035 sit:
1351 1017 1386 1035 ex
1408 1016 1469 1043 qua
1493 1016 1557 1035 non
1580 1006 1750 1042 expellitur,
1775 1007 1952 1043 quicunque
1975 1008 2047 1037 rull.
2095 1008 2175 1044 Quid

228 1064 330 1092 enim?
354 1065 404 1099 qui
427 1068 518 1092 antea
541 1064 695 1092 Lucilium
719 1064 909 1097 laudaverat,
933 1063 1014 1098 quod
1037 1066 1156 1099 tempus
1180 1063 1347 1099 colligeret,
1371 1072 1499 1099 eumque
1521 1067 1555 1092 ut
1577 1063 1621 1091 ita
1644 1061 1761 1092 faceret
1784 1063 1984 1093 admonuerat
2009 1063 2039 1102 (ξ
2059 1064 2099 1102 l),
2124 1065 2175 1102 qui

227 1124 337 1157 postea
359 1120 461 1149 omnia
483 1119 602 1156 aliena,
640 1123 760 1156 tempus
784 1120 901 1147 tantum
925 1119 1061 1147 nostrum
1086 1124 1153 1147 esse
1177 1115 1365 1148 confirmavit
1389 1116 1419 1157 (ξ
1444 1117 1492 1157 3),
1526 1120 1689 1157 poteratne
1723 1117 1749 1148 is
1778 1126 1838 1149 uno
1862 1119 1972 1158 spiritu
1994 1119 2110 1150 addere
2137 1128 2175 1151 ex

227 1174 309 1205 illius
340 1183 458 1213 quoque
490 1174 533 1204 rei
563 1173 760 1213 possessione
791 1172 957 1210 quemlibet
987 1180 1078 1211 posse
1110 1172 1287 1211 expellere?
1339 1173 1429 1203 Dicet
1459 1174 1585 1212 aliquis:
1624 1173 1716 1210 fugax
1747 1178 1778 1202 et
1808 1175 1925 1203 lubrica
1955 1183 2004 1203 res
2036 1184 2103 1204 cum
2135 1177 2176 1205 sit

228 1234 357 1269 tempus,
381 1231 489 1259 mirum
512 1239 571 1259 non
596 1234 662 1266 est,
697 1230 778 1267 quod
801 1230 966 1264 aliquando
991 1230 1188 1266 expellamur.
1232 1231 1273 1258 At
1295 1239 1355 1258 non
1379 1231 1549 1267 quicunque
1572 1231 1637 1259 vult
1660 1240 1696 1259 ex
1720 1231 1803 1259 illius
1826 1231 1881 1266 rei,
1915 1241 1994 1268 quae
2017 1241 2078 1261 una
2099 1242 2172 1262 vere

229 1291 335 1315 nostra
359 1290 415 1322 est,
440 1287 635 1323 possessione
659 1295 715 1314 nos
739 1285 876 1322 expellit,
908 1285 962 1314 sed
986 1293 1073 1321 quem
1097 1285 1156 1322 ipsi
1180 1273 1332 1322 expellere
1354 1286 1516 1323 patiamur.
1561 1285 1703 1316 Ceterum
1727 1295 1787 1315 non
1811 1286 1850 1316 ob
1873 1295 1940 1316 eam
1964 1295 2087 1317 causam
2110 1292 2174 1318 tam

228 1341 321 1379 fugax
345 1350 392 1372 res
416 1345 463 1372 est
485 1345 622 1379 tempus,
658 1340 739 1378 quod
764 1340 816 1370 alii
840 1340 869 1370 in
894 1347 959 1370 eam
983 1339 1146 1377 invadunt,
1180 1340 1233 1371 sed
1265 1341 1346 1379 quod
1372 1340 1468 1379 „sugit
1490 1340 1691 1381 irreparabile
1715 1343 1865 1380 tempus“,
1901 1342 1983 1379 quod
2005 1341 2070 1378 hoc,
2094 1344 2179 1381 quod

227 1397 371 1433 ficturum
395 1398 478 1432 dieo,
514 1406 583 1426 eum
605 1397 739 1425 natu-ime
764 1396 799 1432 fil
821 1397 849 1424 et
865 1405 946 1432 pars
968 1395 1034 1424 eius
1056 1405 1171 1433 magma
1195 1396 1256 1424 iam
1279 1396 1365 1431 saeta
1388 1399 1432 1425 est
1464 1396 1527 1434 (ep.
1555 1399 1622 1433 120,
1649 1397 1711 1434 18).
1757 1397 1803 1426 Ne
1826 1398 1901 1427 illud
1924 1399 2048 1434 quidem
2071 1407 2176 1428 verum

229 1457 276 1482 est
299 1454 338 1483 ad
362 1461 398 1483 ea
420 1461 499 1490 quae
523 1455 705 1489 sequuntur,
731 1451 839 1488 quibus
862 1459 951 1487 quam
974 1451 1060 1488 parvi
1084 1451 1221 1480 homines
1243 1452 1390 1489 temporis
1413 1461 1499 1481 usum
1523 1451 1656 1488 faciant,
1687 1453 1863 1489 exponitur,
1894 1453 2020 1489 vulgata
2041 1454 2176 1485 lectione

228 1509 336 1538 melius
359 1509 494 1538 transiri.
538 1507 617 1537 Nam
642 1507 667 1536 si
691 1516 778 1536 nemo
807 1506 931 1543 negabit
961 1506 1039 1536 hanc
1069 1507 1266 1543 sententiam,
1302 1515 1361 1544 qua
1383 1507 1532 1545 probetur
1553 1507 1693 1538 homines
1715 1511 1836 1546 tempus
1859 1508 1975 1538 minimi
1999 1509 2175 1548 aestimare,

228 1564 292 1601 illi,
327 1573 387 1602 qua
408 1568 529 1603 tempus
552 1573 642 1593 unum
668 1571 739 1593 vere
762 1567 899 1593 nostrum
931 1571 998 1593 esse
1021 1563 1184 1599 doceatur,
1221 1563 1327 1593 mirum
1369 1567 1513 1601 quantum
1548 1564 1722 1600 adversari,
1757 1564 1850 1593 etiam
1874 1564 2104 1595 concedendam
2128 1570 2176 1595 est

229 1620 338 1650 melius
359 1620 435 1650 illud
453 1620 637 1650 contrarium
655 1619 699 1648 ita
715 1620 797 1655 addi,
830 1623 863 1649 ut
886 1627 944 1648 non
968 1619 1079 1656 raptim
1103 1619 1260 1649 enuntiato
1282 1619 1412 1649 relativo
1436 1628 1497 1656 qua
1521 1619 1662 1658 expellit,
1698 1620 1876 1657 quicunque
1900 1620 1979 1656 rult,
2014 1621 2069 1650 sed
2092 1622 2175 1652 iusto

230 1677 276 1706 sui
299 1677 373 1706 iuris
396 1676 554 1706 enuntiato
577 1676 723 1714 primario
747 1676 940 1712 adiungatur.
997 1675 1084 1712 Quod
1107 1674 1200 1711 igitur
1222 1675 1359 1713 sequitur
1399 1674 1442 1704 Et
1465 1677 1552 1704 tanta
1574 1675 1707 1705 stultitia
1730 1677 1775 1704 est
1794 1675 1971 1712 hominum,
2009 1678 2076 1713 „et“
2105 1686 2176 1707 con-

228 1733 352 1769 iunctio,
377 1737 410 1762 ut
433 1733 612 1770 saepissime
635 1733 716 1769 apud
741 1732 900 1768 Senecam,
932 1732 1166 1769 interpretanda
1188 1735 1235 1761 est
1260 1734 1307 1767 „et
1327 1734 1447 1761 t‹cnzen“
1466 1732 1491 1770 ¹)
1517 1731 1573 1769 (sc.
1596 1735 1735 1771 tempore
1758 1740 1777 1761 a
1799 1736 1910 1762 natura
1933 1737 2062 1772 accepto
2085 1743 2176 1765 nemo

228 1789 273 1818 ita
295 1789 398 1823 utitur,
424 1794 457 1818 ut
472 1789 588 1826 aliquid
605 1797 636 1817 se
656 1788 768 1817 debere
786 1787 923 1826 sentiat).
960 1785 1025 1816 Iam
1044 1786 1129 1816 ulcus
1147 1787 1200 1816 illo
1216 1787 1284 1817 loco
1300 1788 1398 1817 latere
1414 1796 1525 1824 magna
1542 1787 1681 1818 codicum
1698 1788 1908 1827 discrepantia
1924 1792 1972 1819 est
1987 1794 2178 1827 argumento.

392 1845 419 1881 3,
444 1847 472 1874 5.
497 1843 548 1874 Se'c
571 1846 713 1880 utrosque
738 1843 961 1881 reprehendas,
998 1844 1024 1872 et
1052 1851 1102 1872 eos
1134 1843 1189 1880 qui
1219 1852 1337 1881 semper
1367 1844 1497 1881 inquieti
1527 1845 1617 1880 sunt,
1652 1846 1680 1874 et
1702 1852 1752 1874 eos
1774 1844 1829 1882 qui
1849 1852 1968 1882 semper
1990 1847 2177 1887 quiescunt]

229 1900 357 1937 Madvig
381 1900 434 1937 (11,
460 1899 534 1938 463)
559 1908 618 1929 non
642 1899 777 1929 eiusdem
801 1899 879 1928 haec
902 1898 1053 1937 epistulae
1077 1906 1144 1927 esse
1168 1899 1311 1937 opinatus
1334 1903 1398 1936 est,
1430 1900 1516 1929 cuius
1546 1903 1616 1928 sunt
1645 1907 1724 1936 quae
1754 1901 1941 1930 antecedunt
1963 1902 2002 1931 de
2025 1903 2178 1933 amicitia:

228 1956 360 1985 transire
384 1956 464 1985 enim
488 1955 636 1985 Senecam
661 1955 698 1985 ab
721 1955 858 1985 amicitia
881 1955 920 1984 ad
942 1963 1068 1992 prorsus
1092 1954 1184 1984 aliam
1208 1964 1288 1992 rem,
1324 1956 1455 1986 otiosam
1486 1955 1621 1992 quietem
1651 1958 1683 1985 et
1712 1956 1882 1993 inquietam
1904 1959 2178 1990 concursationem.

230 2010 292 2041 Sed
315 2020 382 2041 cum
406 2014 498 2040 antea
521 2010 551 2050 (ξ
570 2011 603 2049 4)
626 2010 679 2040 ille
703 2010 816 2040 dixerit
838 2010 953 2048 duplex
978 2018 1046 2039 esse
1069 2010 1099 2039 in
1123 2011 1260 2040 amicitia
1282 2011 1388 2040 vitium
1412 2014 1443 2040 et
1466 2019 1579 2048 eorum,
1610 2011 1663 2049 qui
1686 2011 1832 2049 quicquid
1855 2020 1909 2041 eos
1931 2017 2010 2050 urat,
2041 2014 2071 2042 in
2088 2023 2178 2051 quas-

228 2068 305 2099 libet
327 2077 416 2098 aures
440 2071 616 2105 exonerent,
641 2071 672 2097 et
695 2076 809 2104 eorum,
835 2068 886 2105 qui
908 2068 958 2097 vix
982 2067 1040 2097 sibi
1064 2066 1210 2096 credituri
1233 2067 1362 2098 interius
1384 2070 1526 2106 premant
1548 2075 1637 2097 omne
1660 2070 1823 2105 secretum,
1849 2068 1924 2098 satis
1941 2073 2070 2107 apparet
2086 2070 2179 2101 etiam

228 2125 260 2154 in
283 2125 420 2154 amicitia
442 2125 606 2163 perstringi
631 2128 661 2155 et
684 2124 853 2162 inquietam
876 2124 1115 2163 trepidationem
1141 2126 1171 2153 et
1193 2124 1328 2162 quietam
1350 2124 1605 2154 taciturnitatem.

392 2182 420 2218 4,
448 2182 474 2211 l.
495 2189 646 2219 propera,
679 2189 737 2219 quo
769 2180 936 2211 diutius
965 2180 1035 2218 frui
1062 2180 1225 2209 emundato
1248 2180 1352 2209 animo
1376 2181 1404 2209 et
1425 2180 1591 2217 composito
1608 2180 1729 2220 possis]
1753 2181 1859 2219 Haupt
1873 2181 1898 2219 ἵ)
1922 2182 2055 2211 correxit
2077 2184 2177 2219 eitius,

228 2244 262 2267 ut-
291 2238 364 2267 mihi
393 2238 531 2274 videtur,
565 2237 754 2273 ingeniosius
785 2246 876 2275 quam
906 2237 1031 2266 rectius.
1075 2236 1155 2265 Nam
1186 2245 1253 2266 cum
1277 2237 1413 2267 Lucilius
1452 2240 1553 2273 certe,
1586 2237 1627 2267 ad
1649 2246 1738 2274 quem
1762 2236 1899 2267 Senecae
1928 2239 2077 2275 epistulae
2107 2245 2179 2270 sunt

229 2294 337 2330 datae,
362 2302 487 2332 sperare
510 2297 618 2332 posset
641 2302 691 2330 se,
716 2302 775 2331 quo
800 2294 906 2330 citius,
931 2302 968 2323 eo
991 2293 1106 2324 diutius
1130 2301 1166 2323 ea
1189 2294 1357 2331 sapientia,
1381 2302 1472 2331 quam
1494 2293 1626 2332 adeptus
1648 2297 1748 2330 esset,
1781 2297 1815 2323 ut
1839 2302 1894 2323 sua
1915 2292 2074 2324 fruiturum
2098 2304 2176 2333 esse,

228 2357 289 2379 non
312 2352 369 2386 est,
392 2357 430 2378 ne
452 2349 484 2378 in
506 2349 706 2387 sequentibus
730 2349 862 2386 quidem,
886 2358 941 2378 cur
963 2348 1060 2379 facias
1084 2349 1233 2378 adversus
1255 2349 1288 2379 ll.
1310 2358 1381 2379 mss.

391 2406 419 2440 4,
445 2405 473 2433 2.
496 2405 602 2434 maius
624 2407 772 2442 exspecta,
797 2414 867 2435 cum
882 2405 1040 2442 puerilem
1062 2405 1205 2435 animum
1226 2405 1407 2443 deposueris
1430 2407 1458 2435 ct
1479 2408 1507 2435 le
1531 2406 1564 2435 in
1585 2406 1670 2435 viros
1686 2405 1888 2443 philosophia
1903 2406 2176 2446 transscripserit]

227 2459 286 2490 Vix
308 2459 382 2489 mihi
404 2459 527 2490 videtur
548 2459 673 2490 dubium
697 2468 782 2498 esse,
822 2461 895 2499 quin
930 2460 1124 2491 scribendum
1147 2461 1188 2491 sit
1228 2463 1257 2491 et
1277 2463 1304 2491 te
1327 2461 1363 2490 in
1384 2461 1467 2490 viros
1489 2461 1750 2499 transscripseris.
1794 2460 1874 2490 Nam
1895 2470 1955 2491 non
1978 2461 2091 2498 solum,
2124 2462 2175 2500 qui

228 2515 361 2553 optimus
383 2517 526 2553 putatur,
561 2515 630 2544 cod.
653 2524 702 2553 p.,
738 2517 792 2545 sed
816 2517 909 2545 etiam
931 2517 1035 2554 plures
1058 2516 1111 2545 alii
1134 2516 1249 2545 habent
1271 2517 1542 2553 transsorcpserz's‚
1571 2517 1776 2553 philosophia
1805 2520 1906 2546 autem
1934 2518 2175 2547 additamentum

227 2570 356 2600 alicuius
379 2571 498 2600 librarii
520 2571 644 2601 videtur
667 2580 745 2608 esse,
770 2572 831 2609 qui,
856 2581 924 2601 cnm
946 2575 1070 2610 putaret
1093 2580 1153 2601 non
1176 2572 1252 2601 satis
1274 2580 1367 2610 posse
1389 2571 1527 2608 intellegi
1544 2570 1701 2609 Senecam,
1725 2580 1907 2610 quamquam
1929 2576 2021 2603 antea
2043 2572 2081 2603 de
2102 2581 2176 2603 vera

395 2682 417 2716 ¹)
438 2681 510 2708 Vide
525 2682 685 2716 Rossbach,
712 2682 952 2716 Disquisitiouum
973 2684 1007 2710 de
1024 2683 1153 2710 Senecae
1172 2682 1221 2709 filii
1239 2683 1356 2717 scriptis
1375 2683 1536 2710 criticamm
1557 2683 1654 2718 capita
1666 2682 1703 2711 11.
1724 2682 1914 2711 Vratialaviae
1937 2685 2017 2711 1882.
2039 2695 2067 2720 p.
2082 2687 2116 2713 10
2130 2695 2172 2721 sq.

226 2748 262 2752 —
285 2732 311 2766 ²)
332 2732 439 2768 Haupt,
460 2732 614 2768 opuscula.
633 2733 751 2769 Lipsiae
774 2735 857 2762 1876.
879 2738 899 2762 t.
915 2733 942 2761 II
962 2744 991 2769 p.
1005 2734 1070 2763 276.
