<?xml version="1.0" encoding="UTF-8"?>
<!DOCTYPE html PUBLIC "-//W3C//DTD XHTML 1.0 Transitional//EN"
    "http://www.w3.org/TR/xhtml1/DTD/xhtml1-transitional.dtd">
<html xmlns="http://www.w3.org/1999/xhtml" xml:lang="en" lang="en">
 <head>
  <title>
</title>
<meta http-equiv="Content-Type" content="text/html;charset=utf-8" />
  <meta name='ocr-system' content='tesseract 3.04.00' />
  <meta name='ocr-capabilities' content='ocr_page ocr_carea ocr_par ocr_line ocrx_word'/>
</head>
<body>
  <div class='ocr_page' id='page_1' title='image "./4626140_0012.png"; bbox 0 0 2383 3039; ppageno 0'>
   <div class='ocr_carea' id='block_1_1' title="bbox 1201 111 1219 140">
    <p class='ocr_par' dir='ltr' id='par_1_1' title="bbox 1201 111 1219 140">
     <span class='ocr_line' id='line_1_1' title="bbox 1201 111 1219 140; baseline 0 0"><span class='ocrx_word' id='word_1_1' title='bbox 1201 111 1219 140; x_wconf 84' lang='lat'>4</span> 
     </span>
    </p>
   </div>
   <div class='ocr_carea' id='block_1_2' title="bbox 227 219 2186 1047">
    <p class='ocr_par' dir='ltr' id='par_1_2' title="bbox 227 219 2186 767">
     <span class='ocr_line' id='line_1_2' title="bbox 233 219 2184 259; baseline 0 -10"><span class='ocrx_word' id='word_1_2' title='bbox 233 222 306 257; x_wconf 77' lang='lat' dir='ltr'><strong>toga</strong></span> <span class='ocrx_word' id='word_1_3' title='bbox 329 219 410 250; x_wconf 87' lang='lat' dir='ltr'><strong>virili</strong></span> <span class='ocrx_word' id='word_1_4' title='bbox 433 220 574 259; x_wconf 85' lang='lat' dir='ltr'>dixisset,</span> <span class='ocrx_word' id='word_1_5' title='bbox 599 221 725 252; x_wconf 88' lang='lat' dir='ltr'><strong>hicnon</strong></span> <span class='ocrx_word' id='word_1_6' title='bbox 741 221 779 252; x_wconf 87' lang='lat' dir='ltr'><strong>de</strong></span> <span class='ocrx_word' id='word_1_7' title='bbox 795 229 866 251; x_wconf 86' lang='lat' dir='ltr'><strong>vera</strong></span> <span class='ocrx_word' id='word_1_8' title='bbox 889 220 1143 259; x_wconf 83' lang='lat' dir='ltr'><strong>transscriptione</strong></span> <span class='ocrx_word' id='word_1_9' title='bbox 1166 227 1266 257; x_wconf 82' lang='lat' dir='ltr'><strong>agere,</strong></span> <span class='ocrx_word' id='word_1_10' title='bbox 1291 220 1345 249; x_wconf 86' lang='lat' dir='ltr'><strong>sed</strong></span> <span class='ocrx_word' id='word_1_11' title='bbox 1369 219 1569 248; x_wconf 81' lang='lat' dir='ltr'><strong>similitudine</strong></span> <span class='ocrx_word' id='word_1_12' title='bbox 1593 220 1646 255; x_wconf 84' lang='lat' dir='ltr'><strong>uti,</strong></span> <span class='ocrx_word' id='word_1_13' title='bbox 1671 220 1808 256; x_wconf 84' lang='lat' dir='ltr'><strong>legentes</strong></span> <span class='ocrx_word' id='word_1_14' title='bbox 1824 220 1877 249; x_wconf 91' lang='lat' dir='ltr'><strong>illo</strong></span> <span class='ocrx_word' id='word_1_15' title='bbox 1895 219 2043 248; x_wconf 87' lang='lat' dir='ltr'><strong>vocabulo</strong></span> <span class='ocrx_word' id='word_1_16' title='bbox 2060 220 2184 249; x_wconf 81' lang='lat' dir='ltr'><strong>adiecto</strong></span> 
     </span>
     <span class='ocr_line' id='line_1_3' title="bbox 232 276 2184 314; baseline -0.001 -7"><span class='ocrx_word' id='word_1_17' title='bbox 232 277 271 307; x_wconf 88' lang='lat' dir='ltr'><strong>de</strong></span> <span class='ocrx_word' id='word_1_18' title='bbox 287 277 442 307; x_wconf 82' lang='lat' dir='ltr'><strong>sententia</strong></span> <span class='ocrx_word' id='word_1_19' title='bbox 458 278 671 308; x_wconf 84' lang='lat' dir='ltr'><strong>admonendos</strong></span> <span class='ocrx_word' id='word_1_20' title='bbox 687 278 814 307; x_wconf 89' lang='lat' dir='ltr'><strong>curavit.</strong></span> <span class='ocrx_word' id='word_1_21' title='bbox 860 278 991 314; x_wconf 80' lang='lat' dir='ltr'><strong>Vulgata</strong></span> <span class='ocrx_word' id='word_1_22' title='bbox 1013 281 1113 306; x_wconf 86' lang='lat' dir='ltr'><strong>antem</strong></span> <span class='ocrx_word' id='word_1_23' title='bbox 1136 276 1228 305; x_wconf 83' lang='lat' dir='ltr'><strong>lectio</strong></span> <span class='ocrx_word' id='word_1_24' title='bbox 1252 277 1401 306; x_wconf 78' lang='lat' dir='ltr'><strong>audacior</strong></span> <span class='ocrx_word' id='word_1_25' title='bbox 1424 280 1480 312; x_wconf 85' lang='lat' dir='ltr'><strong>est,</strong></span> <span class='ocrx_word' id='word_1_26' title='bbox 1504 285 1595 313; x_wconf 84' lang='lat' dir='ltr'><strong>quam</strong></span> <span class='ocrx_word' id='word_1_27' title='bbox 1619 285 1656 305; x_wconf 83' lang='lat' dir='ltr'><strong>ex</strong></span> <span class='ocrx_word' id='word_1_28' title='bbox 1680 276 1778 314; x_wconf 88' lang='lat' dir='ltr'><strong>ipsius</strong></span> <span class='ocrx_word' id='word_1_29' title='bbox 1803 276 1939 306; x_wconf 83' lang='lat' dir='ltr'>Senecae</span> <span class='ocrx_word' id='word_1_30' title='bbox 1963 276 2184 306; x_wconf 88' lang='lat' dir='ltr'><strong>consuetudine</strong></span> 
     </span>
     <span class='ocr_line' id='line_1_4' title="bbox 232 332 2184 373; baseline -0.001 -9"><span class='ocrx_word' id='word_1_31' title='bbox 232 338 290 364; x_wconf 86' lang='lat' dir='ltr'><strong>est.</strong></span> <span class='ocrx_word' id='word_1_32' title='bbox 334 334 415 364; x_wconf 86' lang='lat' dir='ltr'><strong>Nam</strong></span> <span class='ocrx_word' id='word_1_33' title='bbox 438 343 613 372; x_wconf 82' lang='lat' dir='ltr'><strong>quanquam</strong></span> <span class='ocrx_word' id='word_1_34' title='bbox 637 338 780 364; x_wconf 84' lang='lat' dir='ltr'><strong>sescenta</strong></span> <span class='ocrx_word' id='word_1_35' title='bbox 802 334 853 364; x_wconf 84' lang='lat' dir='ltr'><strong>ille</strong></span> <span class='ocrx_word' id='word_1_36' title='bbox 876 335 914 365; x_wconf 89' lang='lat' dir='ltr'><strong>de</strong></span> <span class='ocrx_word' id='word_1_37' title='bbox 936 333 1133 373; x_wconf 85' lang='lat' dir='ltr'><strong>philosophia</strong></span> <span class='ocrx_word' id='word_1_38' title='bbox 1154 332 1354 372; x_wconf 83' lang='lat' dir='ltr'><strong>praedicavit,</strong></span> <span class='ocrx_word' id='word_1_39' title='bbox 1378 337 1481 364; x_wconf 87' lang='lat' dir='ltr'><strong>tamen</strong></span> <span class='ocrx_word' id='word_1_40' title='bbox 1505 341 1657 371; x_wconf 85' lang='lat' dir='ltr'><strong>nunquam</strong></span> <span class='ocrx_word' id='word_1_41' title='bbox 1680 333 1724 363; x_wconf 85' lang='lat' dir='ltr'><strong>ita</strong></span> <span class='ocrx_word' id='word_1_42' title='bbox 1747 340 1813 363; x_wconf 89' lang='lat' dir='ltr'><strong>eam</strong></span> <span class='ocrx_word' id='word_1_43' title='bbox 1837 332 1991 363; x_wconf 91' lang='lat' dir='ltr'><strong>hominum</strong></span> <span class='ocrx_word' id='word_1_44' title='bbox 2014 332 2045 362; x_wconf 90' lang='lat' dir='ltr'><strong>in</strong></span> <span class='ocrx_word' id='word_1_45' title='bbox 2061 332 2184 363; x_wconf 86' lang='lat' dir='ltr'><strong>modum</strong></span> 
     </span>
     <span class='ocr_line' id='line_1_5' title="bbox 232 389 2185 429; baseline -0.001 -8"><span class='ocrx_word' id='word_1_46' title='bbox 232 395 374 428; x_wconf 83' lang='lat' dir='ltr'><strong>agentem</strong></span> <span class='ocrx_word' id='word_1_47' title='bbox 390 390 487 428; x_wconf 82' lang='lat' dir='ltr'><strong>fingit,</strong></span> <span class='ocrx_word' id='word_1_48' title='bbox 512 396 546 421; x_wconf 91' lang='lat' dir='ltr'><strong>ut</strong></span> <span class='ocrx_word' id='word_1_49' title='bbox 561 392 649 429; x_wconf 81' lang='lat' dir='ltr'><strong>quasi</strong></span> <span class='ocrx_word' id='word_1_50' title='bbox 666 391 787 421; x_wconf 84' lang='lat' dir='ltr'><strong>scribae</strong></span> <span class='ocrx_word' id='word_1_51' title='bbox 803 391 869 421; x_wconf 88' lang='lat' dir='ltr'><strong>vice</strong></span> <span class='ocrx_word' id='word_1_52' title='bbox 886 390 970 429; x_wconf 85' lang='lat' dir='ltr'><strong>fungi</strong></span> <span class='ocrx_word' id='word_1_53' title='bbox 986 390 1095 429; x_wconf 79' lang='lat' dir='ltr'><strong>possit.</strong></span> <span class='ocrx_word' id='word_1_54' title='bbox 1133 391 1216 428; x_wconf 83' lang='lat' dir='ltr'><strong>Quae</strong></span> <span class='ocrx_word' id='word_1_55' title='bbox 1232 390 1312 420; x_wconf 90' lang='lat' dir='ltr'><strong>enim</strong></span> <span class='ocrx_word' id='word_1_56' title='bbox 1329 390 1468 429; x_wconf 81' lang='lat' dir='ltr'><strong>proxime</strong></span> <span class='ocrx_word' id='word_1_57' title='bbox 1486 390 1524 420; x_wconf 88' lang='lat' dir='ltr'><strong>ad</strong></span> <span class='ocrx_word' id='word_1_58' title='bbox 1542 389 1621 420; x_wconf 87' lang='lat' dir='ltr'><strong>hanc</strong></span> <span class='ocrx_word' id='word_1_59' title='bbox 1638 390 1846 420; x_wconf 84' lang='lat' dir='ltr'><strong>similitudinis</strong></span> <span class='ocrx_word' id='word_1_60' title='bbox 1863 389 2025 420; x_wconf 86' lang='lat' dir='ltr'><strong>audaciam</strong></span> <span class='ocrx_word' id='word_1_61' title='bbox 2042 389 2185 419; x_wconf 85' lang='lat' dir='ltr'><strong>videntur</strong></span> 
     </span>
     <span class='ocr_line' id='line_1_6' title="bbox 231 446 2186 485; baseline -0.001 -8"><span class='ocrx_word' id='word_1_62' title='bbox 231 448 391 484; x_wconf 82' lang='lat' dir='ltr'>accedere,</span> <span class='ocrx_word' id='word_1_63' title='bbox 417 451 470 476; x_wconf 84' lang='lat' dir='ltr'><strong>aut</strong></span> <span class='ocrx_word' id='word_1_64' title='bbox 493 448 524 476; x_wconf 91' lang='lat' dir='ltr'><strong>in</strong></span> <span class='ocrx_word' id='word_1_65' title='bbox 547 455 701 485; x_wconf 80' lang='lat' dir='ltr'>personae</span> <span class='ocrx_word' id='word_1_66' title='bbox 724 446 941 477; x_wconf 71' lang='lat' dir='ltr'><strong>informatione</strong></span> <span class='ocrx_word' id='word_1_67' title='bbox 966 447 1159 476; x_wconf 87' lang='lat' dir='ltr'><strong>ornatissima</strong></span> <span class='ocrx_word' id='word_1_68' title='bbox 1182 447 1332 483; x_wconf 88' lang='lat' dir='ltr'><strong>dicuntur,</strong></span> <span class='ocrx_word' id='word_1_69' title='bbox 1357 451 1388 476; x_wconf 88' lang='lat' dir='ltr'><strong>nt</strong></span> <span class='ocrx_word' id='word_1_70' title='bbox 1413 455 1461 484; x_wconf 87' lang='lat' dir='ltr'><strong>ep.</strong></span> <span class='ocrx_word' id='word_1_71' title='bbox 1487 448 1534 482; x_wconf 73' lang='lat'><strong>53,</strong></span> <span class='ocrx_word' id='word_1_72' title='bbox 1559 447 1587 482; x_wconf 83' lang='lat'><strong>9,</strong></span> <span class='ocrx_word' id='word_1_73' title='bbox 1614 449 1675 482; x_wconf 88' lang='lat' dir='ltr'><strong>aut,</strong></span> <span class='ocrx_word' id='word_1_74' title='bbox 1711 446 1794 475; x_wconf 87' lang='lat' dir='ltr'><strong>velut</strong></span> <span class='ocrx_word' id='word_1_75' title='bbox 1817 446 1894 476; x_wconf 86' lang='lat' dir='ltr'><strong>illud</strong></span> <span class='ocrx_word' id='word_1_76' title='bbox 1924 447 1976 476; x_wconf 73' lang='lat' dir='ltr'><strong>Vis</strong></span> <span class='ocrx_word' id='word_1_77' title='bbox 1999 447 2085 482; x_wconf 71' lang='lat' dir='ltr'><strong>scire,</strong></span> <span class='ocrx_word' id='word_1_78' title='bbox 2110 447 2186 484; x_wconf 70' lang='lat' dir='ltr'><strong>qnid</strong></span> 
     </span>
     <span class='ocr_line' id='line_1_7' title="bbox 227 501 2183 541; baseline 0 -10"><span class='ocrx_word' id='word_1_79' title='bbox 227 503 432 540; x_wconf 72' lang='lat' dir='ltr'><strong>philosophia</strong></span> <span class='ocrx_word' id='word_1_80' title='bbox 451 503 618 540; x_wconf 73' lang='lat' dir='ltr'><strong>promittat</strong></span> <span class='ocrx_word' id='word_1_81' title='bbox 638 504 747 541; x_wconf 66' lang='lat' dir='ltr'><strong>penori</strong></span> <span class='ocrx_word' id='word_1_82' title='bbox 769 503 907 533; x_wconf 75' lang='lat' dir='ltr'><strong>humano</strong></span> <span class='ocrx_word' id='word_1_83' title='bbox 931 503 993 541; x_wconf 89' lang='lat' dir='ltr'><strong>(ep.</strong></span> <span class='ocrx_word' id='word_1_84' title='bbox 1016 504 1065 539; x_wconf 85' lang='grc'>48,</span> <span class='ocrx_word' id='word_1_85' title='bbox 1090 504 1138 541; x_wconf 87' lang='grc'>7),</span> <span class='ocrx_word' id='word_1_86' title='bbox 1170 503 1216 532; x_wconf 87' lang='lat' dir='ltr'><strong>vel</strong></span> <span class='ocrx_word' id='word_1_87' title='bbox 1246 503 1347 538; x_wconf 61' lang='lat' dir='ltr'><strong>farere</strong></span> <span class='ocrx_word' id='word_1_88' title='bbox 1371 504 1453 531; x_wconf 67' lang='lat' dir='ltr'><strong>dore!</strong></span> <span class='ocrx_word' id='word_1_89' title='bbox 1471 502 1687 539; x_wconf 66' lang='lat' dir='ltr'><strong>philosophia,</strong></span> <span class='ocrx_word' id='word_1_90' title='bbox 1720 511 1781 530; x_wconf 75' lang='lat' dir='ltr'><strong>non</strong></span> <span class='ocrx_word' id='word_1_91' title='bbox 1805 501 1921 536; x_wconf 72' lang='lat' dir='ltr'><strong>dicere,</strong></span> <span class='ocrx_word' id='word_1_92' title='bbox 1955 504 1983 530; x_wconf 68' lang='lat' dir='ltr'><strong>v!</strong></span> <span class='ocrx_word' id='word_1_93' title='bbox 2003 502 2059 532; x_wconf 80' lang='lat' dir='ltr'><strong>hoo</strong></span> <span class='ocrx_word' id='word_1_94' title='bbox 2082 503 2183 540; x_wconf 62' lang='lat' dir='ltr'><strong>eripit,</strong></span> 
     </span>
     <span class='ocr_line' id='line_1_8' title="bbox 231 557 2183 597; baseline -0.001 -9"><span class='ocrx_word' id='word_1_95' title='bbox 231 561 266 588; x_wconf 76' lang='lat' dir='ltr'><strong>m</strong></span> <span class='ocrx_word' id='word_1_96' title='bbox 289 583 294 587; x_wconf 95' lang='lat'><strong>.</strong></span> <span class='ocrx_word' id='word_1_97' title='bbox 321 583 326 587; x_wconf 95' lang='lat'><strong>.</strong></span> <span class='ocrx_word' id='word_1_98' title='bbox 353 583 358 587; x_wconf 90' lang='lat'><strong>.</strong></span> <span class='ocrx_word' id='word_1_99' title='bbox 384 582 391 588; x_wconf 93' lang='lat'><strong>.</strong></span> <span class='ocrx_word' id='word_1_100' title='bbox 415 560 548 596; x_wconf 72' lang='lat' dir='ltr'><strong>quisque</strong></span> <span class='ocrx_word' id='word_1_101' title='bbox 571 560 654 589; x_wconf 66' lang='lat' dir='ltr'><strong>rit-(12</strong></span> <span class='ocrx_word' id='word_1_102' title='bbox 679 559 742 597; x_wconf 89' lang='lat' dir='ltr'><strong>(ep.</strong></span> <span class='ocrx_word' id='word_1_103' title='bbox 767 560 816 595; x_wconf 80' lang='lat'><strong>20,</strong></span> <span class='ocrx_word' id='word_1_104' title='bbox 842 560 884 597; x_wconf 81' lang='lat'><strong>2),</strong></span> <span class='ocrx_word' id='word_1_105' title='bbox 909 560 971 588; x_wconf 87' lang='lat' dir='ltr'><strong>alia</strong></span> <span class='ocrx_word' id='word_1_106' title='bbox 993 560 1023 589; x_wconf 91' lang='lat' dir='ltr'><strong>id</strong></span> <span class='ocrx_word' id='word_1_107' title='bbox 1046 567 1148 595; x_wconf 75' lang='lat' dir='ltr'><strong>genus,</strong></span> <span class='ocrx_word' id='word_1_108' title='bbox 1172 559 1265 588; x_wconf 87' lang='lat' dir='ltr'><strong>multo</strong></span> <span class='ocrx_word' id='word_1_109' title='bbox 1290 563 1359 588; x_wconf 90' lang='lat' dir='ltr'><strong>sunt</strong></span> <span class='ocrx_word' id='word_1_110' title='bbox 1383 558 1570 588; x_wconf 83' lang='lat' dir='ltr'><strong>moderatius</strong></span> <span class='ocrx_word' id='word_1_111' title='bbox 1595 558 1695 593; x_wconf 87' lang='lat' dir='ltr'><strong>dicta,</strong></span> <span class='ocrx_word' id='word_1_112' title='bbox 1725 557 1806 594; x_wconf 90' lang='lat' dir='ltr'><strong>quod</strong></span> <span class='ocrx_word' id='word_1_113' title='bbox 1830 557 2029 595; x_wconf 88' lang='lat' dir='ltr'><strong>promittere,</strong></span> <span class='ocrx_word' id='word_1_114' title='bbox 2061 558 2183 593; x_wconf 85' lang='lat' dir='ltr'><strong>docere,</strong></span> 
     </span>
     <span class='ocr_line' id='line_1_9' title="bbox 232 613 2183 653; baseline -0.001 -9"><span class='ocrx_word' id='word_1_115' title='bbox 232 614 356 651; x_wconf 77' lang='lat' dir='ltr'>exigere</span> <span class='ocrx_word' id='word_1_116' title='bbox 381 615 563 653; x_wconf 83' lang='lat' dir='ltr'><strong>saepissime</strong></span> <span class='ocrx_word' id='word_1_117' title='bbox 587 615 732 645; x_wconf 90' lang='lat' dir='ltr'><strong>dicuntur</strong></span> <span class='ocrx_word' id='word_1_118' title='bbox 755 623 815 645; x_wconf 91' lang='lat' dir='ltr'><strong>non</strong></span> <span class='ocrx_word' id='word_1_119' title='bbox 837 618 955 645; x_wconf 85' lang='lat' dir='ltr'><strong>tantum</strong></span> <span class='ocrx_word' id='word_1_120' title='bbox 979 615 1124 651; x_wconf 85' lang='lat' dir='ltr'><strong>homines,</strong></span> <span class='ocrx_word' id='word_1_121' title='bbox 1160 615 1212 644; x_wconf 84' lang='lat' dir='ltr'><strong>sed</strong></span> <span class='ocrx_word' id='word_1_122' title='bbox 1236 615 1328 644; x_wconf 81' lang='lat' dir='ltr'><strong>etlam</strong></span> <span class='ocrx_word' id='word_1_123' title='bbox 1353 624 1410 650; x_wconf 84' lang='lat' dir='ltr'><strong>res,</strong></span> <span class='ocrx_word' id='word_1_124' title='bbox 1435 614 1655 643; x_wconf 76' lang='lat' dir='ltr'><strong>transscribere</strong></span> <span class='ocrx_word' id='word_1_125' title='bbox 1679 622 1756 642; x_wconf 87' lang='lat' dir='ltr'><strong>unus</strong></span> <span class='ocrx_word' id='word_1_126' title='bbox 1779 616 1883 651; x_wconf 84' lang='lat' dir='ltr'><strong>potest</strong></span> <span class='ocrx_word' id='word_1_127' title='bbox 1907 613 2008 644; x_wconf 80' lang='lat' dir='ltr'><strong>homo.</strong></span> <span class='ocrx_word' id='word_1_128' title='bbox 2033 622 2070 642; x_wconf 92' lang='lat' dir='ltr'><strong>ac</strong></span> <span class='ocrx_word' id='word_1_129' title='bbox 2093 622 2130 642; x_wconf 87' lang='lat' dir='ltr'><strong>ne</strong></span> <span class='ocrx_word' id='word_1_130' title='bbox 2153 614 2183 642; x_wconf 94' lang='lat' dir='ltr'><strong>in</strong></span> 
     </span>
     <span class='ocr_line' id='line_1_10' title="bbox 231 668 2183 708; baseline -0.001 -8"><span class='ocrx_word' id='word_1_131' title='bbox 231 670 387 700; x_wconf 80' lang='lat' dir='ltr'><strong>thesauris</strong></span> <span class='ocrx_word' id='word_1_132' title='bbox 411 671 536 708; x_wconf 85' lang='lat' dir='ltr'><strong>quidem</strong></span> <span class='ocrx_word' id='word_1_133' title='bbox 559 671 723 701; x_wconf 88' lang='lat' dir='ltr'><strong>verborum</strong></span> <span class='ocrx_word' id='word_1_134' title='bbox 755 671 811 701; x_wconf 91' lang='lat' dir='ltr'><strong>sub</strong></span> <span class='ocrx_word' id='word_1_135' title='bbox 842 679 916 701; x_wconf 91' lang='lat' dir='ltr'><strong>voce</strong></span> <span class='ocrx_word' id='word_1_136' title='bbox 943 671 1199 708; x_wconf 78' lang='lat' dir='ltr'><strong>„transscribere“</strong></span> <span class='ocrx_word' id='word_1_137' title='bbox 1225 671 1317 700; x_wconf 89' lang='lat' dir='ltr'><strong>ullum</strong></span> <span class='ocrx_word' id='word_1_138' title='bbox 1346 671 1498 700; x_wconf 85' lang='lat' dir='ltr'><strong>invenitur</strong></span> <span class='ocrx_word' id='word_1_139' title='bbox 1527 670 1686 706; x_wconf 70' lang='lat' dir='ltr'><strong>vestigium</strong></span> <span class='ocrx_word' id='word_1_140' title='bbox 1718 668 1951 706; x_wconf 74' lang='lat' dir='ltr'><strong>significationis</strong></span> <span class='ocrx_word' id='word_1_141' title='bbox 1983 673 2044 698; x_wconf 84' lang='lat' dir='ltr'><strong>tam</strong></span> <span class='ocrx_word' id='word_1_142' title='bbox 2076 670 2183 707; x_wconf 88' lang='lat' dir='ltr'><strong>putide</strong></span> 
     </span>
     <span class='ocr_line' id='line_1_11' title="bbox 232 726 1789 767; baseline -0.001 -10"><span class='ocrx_word' id='word_1_143' title='bbox 232 728 418 757; x_wconf 81' lang='lat' dir='ltr'><strong>tralaticiae.</strong></span> <span class='ocrx_word' id='word_1_144' title='bbox 464 727 609 757; x_wconf 89' lang='lat' dir='ltr'><strong>Ceterum</strong></span> <span class='ocrx_word' id='word_1_145' title='bbox 633 728 664 756; x_wconf 89' lang='lat' dir='ltr'><strong>in</strong></span> <span class='ocrx_word' id='word_1_146' title='bbox 687 731 755 757; x_wconf 87' lang='lat' dir='ltr'><strong>tota</strong></span> <span class='ocrx_word' id='word_1_147' title='bbox 778 728 911 766; x_wconf 80' lang='lat' dir='ltr'><strong>epistula</strong></span> <span class='ocrx_word' id='word_1_148' title='bbox 933 728 1147 767; x_wconf 85' lang='lat' dir='ltr'><strong>philosophiae</strong></span> <span class='ocrx_word' id='word_1_149' title='bbox 1170 728 1252 757; x_wconf 85' lang='lat' dir='ltr'><strong>nulla</strong></span> <span class='ocrx_word' id='word_1_150' title='bbox 1274 736 1401 765; x_wconf 83' lang='lat' dir='ltr'><strong>usquam</strong></span> <span class='ocrx_word' id='word_1_151' title='bbox 1424 731 1586 765; x_wconf 80' lang='lat' dir='ltr'><strong>praeterea</strong></span> <span class='ocrx_word' id='word_1_152' title='bbox 1609 726 1642 755; x_wconf 78' lang='lat' dir='ltr'><strong>iit</strong></span> <span class='ocrx_word' id='word_1_153' title='bbox 1664 727 1789 756; x_wconf 89' lang='lat' dir='ltr'><strong>mentio.</strong></span> 
     </span>
    </p>

    <p class='ocr_par' dir='ltr' id='par_1_3' title="bbox 231 783 2184 1047">
     <span class='ocr_line' id='line_1_12' title="bbox 397 783 2183 822; baseline -0.002 -8"><span class='ocrx_word' id='word_1_154' title='bbox 397 787 424 821; x_wconf 78' lang='lat'><strong>5,</strong></span> <span class='ocrx_word' id='word_1_155' title='bbox 450 785 478 813; x_wconf 82' lang='lat'><strong>2.</strong></span> <span class='ocrx_word' id='word_1_156' title='bbox 502 783 660 822; x_wconf 80' lang='lat' dir='ltr'><strong>Asperum</strong></span> <span class='ocrx_word' id='word_1_157' title='bbox 685 785 801 814; x_wconf 75' lang='lat' dir='ltr'><strong>cultum</strong></span> <span class='ocrx_word' id='word_1_158' title='bbox 826 787 853 814; x_wconf 77' lang='lat' dir='ltr'><strong>et</strong></span> <span class='ocrx_word' id='word_1_159' title='bbox 877 785 1032 814; x_wconf 71' lang='lat' dir='ltr'><strong>intonsum</strong></span> <span class='ocrx_word' id='word_1_160' title='bbox 1057 786 1149 821; x_wconf 63' lang='lat' dir='ltr'><strong>mpii!</strong></span> <span class='ocrx_word' id='word_1_161' title='bbox 1170 787 1197 814; x_wconf 72' lang='lat' dir='ltr'><strong>ct</strong></span> <span class='ocrx_word' id='word_1_162' title='bbox 1220 784 1470 822; x_wconf 58' lang='lat' dir='ltr'><strong>otyleyvnb&#39;orrm</strong></span> <span class='ocrx_word' id='word_1_163' title='bbox 1496 784 1622 812; x_wconf 70' lang='lat' dir='ltr'><strong>luo-Imm</strong></span> <span class='ocrx_word' id='word_1_164' title='bbox 1647 785 1674 812; x_wconf 64' lang='lat' dir='ltr'><strong>el</strong></span> <span class='ocrx_word' id='word_1_165' title='bbox 1697 783 1847 813; x_wconf 62' lang='lat' dir='ltr'><strong>Indicium</strong></span> <span class='ocrx_word' id='word_1_166' title='bbox 1876 785 2005 821; x_wconf 71' lang='lat' dir='ltr'><strong>nryento</strong></span> <span class='ocrx_word' id='word_1_167' title='bbox 2028 783 2131 812; x_wconf 74' lang='lat' dir='ltr'><strong>odiam</strong></span> <span class='ocrx_word' id='word_1_168' title='bbox 2157 785 2183 813; x_wconf 76' lang='lat' dir='ltr'><strong>et</strong></span> 
     </span>
     <span class='ocr_line' id='line_1_13' title="bbox 231 839 2181 880; baseline -0.001 -9"><span class='ocrx_word' id='word_1_169' title='bbox 231 842 333 871; x_wconf 68' lang='lat' dir='ltr'><strong>cubile</strong></span> <span class='ocrx_word' id='word_1_170' title='bbox 355 841 444 871; x_wconf 78' lang='lat' dir='ltr'><strong>humi</strong></span> <span class='ocrx_word' id='word_1_171' title='bbox 465 843 598 871; x_wconf 73' lang='lat' dir='ltr'><strong>stratum</strong></span> <span class='ocrx_word' id='word_1_172' title='bbox 623 843 651 870; x_wconf 76' lang='lat' dir='ltr'><strong>et</strong></span> <span class='ocrx_word' id='word_1_173' title='bbox 680 840 831 879; x_wconf 70' lang='lat' dir='ltr'><strong>quicquid</strong></span> <span class='ocrx_word' id='word_1_174' title='bbox 862 840 951 871; x_wconf 76' lang='lat' dir='ltr'><strong>aliud</strong></span> <span class='ocrx_word' id='word_1_175' title='bbox 979 839 1287 880; x_wconf 63' lang='lat' dir='ltr'><strong>anibitioffitem]</strong></span> <span class='ocrx_word' id='word_1_176' title='bbox 1312 850 1459 879; x_wconf 60' lang='lat' dir='ltr'><strong>perverso</strong></span> <span class='ocrx_word' id='word_1_177' title='bbox 1485 842 1534 869; x_wconf 69' lang='lat' dir='ltr'><strong>cla</strong></span> <span class='ocrx_word' id='word_1_178' title='bbox 1558 839 1731 879; x_wconf 64' lang='lat' dir='ltr'><strong>s(&#39;11111&#39;t‹11·,].</strong></span> <span class='ocrx_word' id='word_1_179' title='bbox 1778 840 1865 877; x_wconf 86' lang='lat' dir='ltr'><strong>Quod</strong></span> <span class='ocrx_word' id='word_1_180' title='bbox 1889 840 1918 868; x_wconf 92' lang='lat' dir='ltr'><strong>in</strong></span> <span class='ocrx_word' id='word_1_181' title='bbox 1943 839 2101 869; x_wconf 70' lang='lat' dir='ltr'><strong>codicibus</strong></span> <span class='ocrx_word' id='word_1_182' title='bbox 2126 844 2181 869; x_wconf 76' lang='lat' dir='ltr'><strong>est.</strong></span> 
     </span>
     <span class='ocr_line' id='line_1_14' title="bbox 232 895 2183 935; baseline 0.001 -10"><span class='ocrx_word' id='word_1_183' title='bbox 232 896 306 927; x_wconf 85' lang='lat' dir='ltr'><strong>ferri</strong></span> <span class='ocrx_word' id='word_1_184' title='bbox 330 906 390 926; x_wconf 92' lang='lat' dir='ltr'><strong>non</strong></span> <span class='ocrx_word' id='word_1_185' title='bbox 413 905 506 935; x_wconf 83' lang='lat' dir='ltr'><strong>posse</strong></span> <span class='ocrx_word' id='word_1_186' title='bbox 531 896 702 926; x_wconf 81' lang='lat' dir='ltr'><strong>arbitratus</strong></span> <span class='ocrx_word' id='word_1_187' title='bbox 720 897 821 926; x_wconf 81' lang='lat' dir='ltr'><strong>Haase</strong></span> <span class='ocrx_word' id='word_1_188' title='bbox 845 901 992 926; x_wconf 81' lang='lat' dir='ltr'><strong>mutatum</strong></span> <span class='ocrx_word' id='word_1_189' title='bbox 1015 898 1109 926; x_wconf 87' lang='lat' dir='ltr'><strong>voluit</strong></span> <span class='ocrx_word' id='word_1_190' title='bbox 1133 898 1318 931; x_wconf 54' lang='lat' dir='ltr'><strong>aetnelfle&#39;tio,</strong></span> <span class='ocrx_word' id='word_1_191' title='bbox 1344 898 1424 934; x_wconf 78' lang='lat' dir='ltr'><strong>qnod</strong></span> <span class='ocrx_word' id='word_1_192' title='bbox 1442 901 1523 925; x_wconf 76' lang='lat' dir='ltr'><strong>certe</strong></span> <span class='ocrx_word' id='word_1_193' title='bbox 1541 896 1647 924; x_wconf 86' lang='lat' dir='ltr'><strong>melius</strong></span> <span class='ocrx_word' id='word_1_194' title='bbox 1664 900 1719 924; x_wconf 83' lang='lat' dir='ltr'><strong>est.</strong></span> <span class='ocrx_word' id='word_1_195' title='bbox 1766 895 1828 925; x_wconf 85' lang='lat' dir='ltr'><strong>Sed</strong></span> <span class='ocrx_word' id='word_1_196' title='bbox 1851 897 1959 925; x_wconf 87' lang='lat' dir='ltr'><strong>dubito</strong></span> <span class='ocrx_word' id='word_1_197' title='bbox 1984 906 2022 925; x_wconf 87' lang='lat' dir='ltr'><strong>an</strong></span> <span class='ocrx_word' id='word_1_198' title='bbox 2045 901 2183 934; x_wconf 75' lang='lat' dir='ltr'><strong>praestet</strong></span> 
     </span>
     <span class='ocr_line' id='line_1_15' title="bbox 232 951 2183 990; baseline 0 -8"><span class='ocrx_word' id='word_1_199' title='bbox 232 953 430 982; x_wconf 72' lang='lat' dir='ltr'><strong>ambitionem</strong></span> <span class='ocrx_word' id='word_1_200' title='bbox 458 962 641 990; x_wconf 63' lang='lat' dir='ltr'><strong>perversam</strong></span> <span class='ocrx_word' id='word_1_201' title='bbox 673 953 813 989; x_wconf 66' lang='lat' dir='ltr'><strong>seqnitur</strong></span> <span class='ocrx_word' id='word_1_202' title='bbox 842 954 955 982; x_wconf 87' lang='lat' dir='ltr'><strong>omisso</strong></span> <span class='ocrx_word' id='word_1_203' title='bbox 978 954 1037 983; x_wconf 66' lang='lat' dir='ltr'><strong>rm.</strong></span> <span class='ocrx_word' id='word_1_204' title='bbox 1084 954 1148 990; x_wconf 87' lang='lat' dir='ltr'><strong>Qua</strong></span> <span class='ocrx_word' id='word_1_205' title='bbox 1172 962 1206 983; x_wconf 82' lang='lat' dir='ltr'><strong>ex</strong></span> <span class='ocrx_word' id='word_1_206' title='bbox 1230 954 1361 983; x_wconf 78' lang='lat' dir='ltr'><strong>lectione</strong></span> <span class='ocrx_word' id='word_1_207' title='bbox 1385 962 1473 990; x_wconf 79' lang='lat' dir='ltr'><strong>qnam</strong></span> <span class='ocrx_word' id='word_1_208' title='bbox 1497 952 1588 981; x_wconf 88' lang='lat' dir='ltr'><strong>facile</strong></span> <span class='ocrx_word' id='word_1_209' title='bbox 1612 951 1726 981; x_wconf 84' lang='lat' dir='ltr'><strong>infelici</strong></span> <span class='ocrx_word' id='word_1_210' title='bbox 1751 951 1935 982; x_wconf 81' lang='lat' dir='ltr'><strong>alucinantis</strong></span> <span class='ocrx_word' id='word_1_211' title='bbox 1958 961 2065 981; x_wconf 84' lang='lat' dir='ltr'><strong>manns</strong></span> <span class='ocrx_word' id='word_1_212' title='bbox 2089 953 2183 982; x_wconf 83' lang='lat' dir='ltr'><strong>(luctu</strong></span> 
     </span>
     <span class='ocr_line' id='line_1_16' title="bbox 232 1008 2184 1047; baseline 0.001 -10"><span class='ocrx_word' id='word_1_213' title='bbox 232 1009 357 1038; x_wconf 81' lang='lat' dir='ltr'><strong>adiecta</strong></span> <span class='ocrx_word' id='word_1_214' title='bbox 379 1017 439 1037; x_wconf 85' lang='lat' dir='ltr'><strong>una</strong></span> <span class='ocrx_word' id='word_1_215' title='bbox 463 1008 602 1037; x_wconf 81' lang='lat' dir='ltr'><strong>alterave</strong></span> <span class='ocrx_word' id='word_1_216' title='bbox 625 1008 732 1038; x_wconf 83' lang='lat' dir='ltr'><strong>littera</strong></span> <span class='ocrx_word' id='word_1_217' title='bbox 755 1010 865 1039; x_wconf 83' lang='lat' dir='ltr'><strong>mutari</strong></span> <span class='ocrx_word' id='word_1_218' title='bbox 890 1010 1024 1047; x_wconf 78' lang='lat' dir='ltr'><strong>potuerit</strong></span> <span class='ocrx_word' id='word_1_219' title='bbox 1043 1010 1266 1046; x_wconf 69' lang='lat' dir='ltr'><strong>pre·c‹1¹1·som&#39;u.</strong></span> <span class='ocrx_word' id='word_1_220' title='bbox 1302 1019 1388 1038; x_wconf 85' lang='lat' dir='ltr'><strong>nemo</strong></span> <span class='ocrx_word' id='word_1_221' title='bbox 1413 1019 1471 1038; x_wconf 88' lang='lat' dir='ltr'><strong>non</strong></span> <span class='ocrx_word' id='word_1_222' title='bbox 1496 1009 1586 1037; x_wconf 78' lang='lat' dir='ltr'><strong>videt.</strong></span> <span class='ocrx_word' id='word_1_223' title='bbox 1635 1008 1787 1037; x_wconf 82' lang='lat' dir='ltr'><strong>Interesse</strong></span> <span class='ocrx_word' id='word_1_224' title='bbox 1820 1012 1922 1037; x_wconf 89' lang='lat' dir='ltr'><strong>autem</strong></span> <span class='ocrx_word' id='word_1_225' title='bbox 1954 1009 2070 1046; x_wconf 85' lang='lat' dir='ltr'><strong>aliquid</strong></span> <span class='ocrx_word' id='word_1_226' title='bbox 2103 1010 2184 1039; x_wconf 85' lang='lat' dir='ltr'><strong>inter</strong></span> 
     </span>
    </p>
   </div>
   <div class='ocr_carea' id='block_1_3' title="bbox 220 1065 2183 2622">
    <p class='ocr_par' dir='ltr' id='par_1_4' title="bbox 231 1065 1662 1101">
     <span class='ocr_line' id='line_1_17' title="bbox 231 1065 1662 1101; baseline 0 -8"><span class='ocrx_word' id='word_1_227' title='bbox 231 1065 434 1094; x_wconf 69' lang='lat' dir='ltr'><strong>ambitionem</strong></span> <span class='ocrx_word' id='word_1_228' title='bbox 459 1065 562 1100; x_wconf 73' lang='lat' dir='ltr'><strong>magni</strong></span> <span class='ocrx_word' id='word_1_229' title='bbox 586 1065 680 1093; x_wconf 90' lang='lat' dir='ltr'><strong>animi</strong></span> <span class='ocrx_word' id='word_1_230' title='bbox 705 1069 736 1094; x_wconf 88' lang='lat' dir='ltr'><strong>et</strong></span> <span class='ocrx_word' id='word_1_231' title='bbox 759 1066 956 1095; x_wconf 83' lang='lat' dir='ltr'><strong>ambitionem</strong></span> <span class='ocrx_word' id='word_1_232' title='bbox 981 1066 1116 1095; x_wconf 79' lang='lat' dir='ltr'><strong>insanam</strong></span> <span class='ocrx_word' id='word_1_233' title='bbox 1141 1066 1252 1095; x_wconf 86' lang='lat' dir='ltr'><strong>docent</strong></span> <span class='ocrx_word' id='word_1_234' title='bbox 1276 1066 1304 1094; x_wconf 94' lang='lat' dir='ltr'><strong>d.</strong></span> <span class='ocrx_word' id='word_1_235' title='bbox 1329 1067 1355 1094; x_wconf 83' lang='lat'><strong>3.</strong></span> <span class='ocrx_word' id='word_1_236' title='bbox 1381 1066 1429 1101; x_wconf 70' lang='lat'><strong>21,</strong></span> <span class='ocrx_word' id='word_1_237' title='bbox 1455 1066 1482 1093; x_wconf 85' lang='lat'><strong>3.</strong></span> <span class='ocrx_word' id='word_1_238' title='bbox 1507 1065 1534 1100; x_wconf 72' lang='grc' dir='ltr'>Ο,</span> <span class='ocrx_word' id='word_1_239' title='bbox 1563 1066 1607 1099; x_wconf 71' lang='lat'><strong>13,</strong></span> <span class='ocrx_word' id='word_1_240' title='bbox 1637 1066 1662 1093; x_wconf 95' lang='grc'><strong>1.</strong></span> 
     </span>
    </p>

    <p class='ocr_par' dir='ltr' id='par_1_5' title="bbox 230 1120 2183 1272">
     <span class='ocr_line' id='line_1_18' title="bbox 398 1120 2182 1159; baseline 0.001 -9"><span class='ocrx_word' id='word_1_241' title='bbox 398 1123 425 1157; x_wconf 87' lang='grc'>5,</span> <span class='ocrx_word' id='word_1_242' title='bbox 452 1122 479 1151; x_wconf 90' lang='lat'><strong>7.</strong></span> <span class='ocrx_word' id='word_1_243' title='bbox 515 1121 630 1150; x_wconf 75' lang='lat' dir='ltr'><strong>Dic-es:</strong></span> <span class='ocrx_word' id='word_1_244' title='bbox 664 1121 816 1158; x_wconf 75' lang='lat' dir='ltr'><strong>quomodo</strong></span> <span class='ocrx_word' id='word_1_245' title='bbox 848 1121 907 1151; x_wconf 78' lang='lat' dir='ltr'><strong>ista</strong></span> <span class='ocrx_word' id='word_1_246' title='bbox 939 1123 998 1150; x_wconf 77' lang='lat' dir='ltr'><strong>tam</strong></span> <span class='ocrx_word' id='word_1_247' title='bbox 1030 1121 1150 1150; x_wconf 70' lang='lat' dir='ltr'><strong>dit-ersa</strong></span> <span class='ocrx_word' id='word_1_248' title='bbox 1176 1121 1300 1158; x_wconf 64' lang='lat' dir='ltr'><strong>luo-itm·</strong></span> <span class='ocrx_word' id='word_1_249' title='bbox 1330 1120 1481 1159; x_wconf 43' lang='lat' dir='ltr'><strong>minist]</strong></span> <span class='ocrx_word' id='word_1_250' title='bbox 1527 1120 1594 1149; x_wconf 85' lang='lat' dir='ltr'><strong>Non</strong></span> <span class='ocrx_word' id='word_1_251' title='bbox 1627 1121 1821 1150; x_wconf 90' lang='lat' dir='ltr'><strong>iniucundum</strong></span> <span class='ocrx_word' id='word_1_252' title='bbox 1847 1126 1892 1151; x_wconf 83' lang='lat' dir='ltr'><strong>est</strong></span> <span class='ocrx_word' id='word_1_253' title='bbox 1917 1123 2081 1151; x_wconf 82' lang='lat' dir='ltr'><strong>admonere</strong></span> <span class='ocrx_word' id='word_1_254' title='bbox 2106 1124 2182 1152; x_wconf 85' lang='lat' dir='ltr'><strong>dnos</strong></span> 
     </span>
     <span class='ocr_line' id='line_1_19' title="bbox 231 1177 2183 1215; baseline 0.001 -9"><span class='ocrx_word' id='word_1_255' title='bbox 231 1177 313 1207; x_wconf 82' lang='lat' dir='ltr'><strong>viros</strong></span> <span class='ocrx_word' id='word_1_256' title='bbox 337 1177 447 1207; x_wconf 87' lang='lat' dir='ltr'><strong>doctos</strong></span> <span class='ocrx_word' id='word_1_257' title='bbox 472 1180 583 1214; x_wconf 86' lang='lat' dir='ltr'><strong>suopte</strong></span> <span class='ocrx_word' id='word_1_258' title='bbox 607 1180 770 1214; x_wconf 87' lang='lat' dir='ltr'><strong>utrumque</strong></span> <span class='ocrx_word' id='word_1_259' title='bbox 793 1177 915 1213; x_wconf 84' lang='lat' dir='ltr'><strong>ingenio</strong></span> <span class='ocrx_word' id='word_1_260' title='bbox 938 1177 1033 1206; x_wconf 77' lang='lat' dir='ltr'><strong>videri</strong></span> <span class='ocrx_word' id='word_1_261' title='bbox 1057 1179 1086 1205; x_wconf 92' lang='lat' dir='ltr'><strong>in</strong></span> <span class='ocrx_word' id='word_1_262' title='bbox 1111 1177 1237 1206; x_wconf 79' lang='lat' dir='ltr'><strong>eandem</strong></span> <span class='ocrx_word' id='word_1_263' title='bbox 1262 1177 1465 1206; x_wconf 83' lang='lat' dir='ltr'><strong>coniecturam</strong></span> <span class='ocrx_word' id='word_1_264' title='bbox 1490 1177 1633 1205; x_wconf 78' lang='lat' dir='ltr'><strong>incidisse</strong></span> <span class='ocrx_word' id='word_1_265' title='bbox 1658 1177 1828 1213; x_wconf 72' lang='lat' dir='ltr'><strong>elegantem</strong></span> <span class='ocrx_word' id='word_1_266' title='bbox 1849 1182 1879 1207; x_wconf 87' lang='lat' dir='ltr'><strong>et</strong></span> <span class='ocrx_word' id='word_1_267' title='bbox 1895 1179 2085 1215; x_wconf 83' lang='lat' dir='ltr'><strong>probabilem</strong></span> <span class='ocrx_word' id='word_1_268' title='bbox 2111 1182 2183 1207; x_wconf 68' lang='lat' dir='ltr'><strong>mod</strong></span> 
     </span>
     <span class='ocr_line' id='line_1_20' title="bbox 230 1233 1586 1272; baseline -0.001 -9"><span class='ocrx_word' id='word_1_269' title='bbox 230 1243 286 1272; x_wconf 84' lang='lat' dir='ltr'><strong>pro</strong></span> <span class='ocrx_word' id='word_1_270' title='bbox 310 1235 391 1267; x_wconf 72' lang='lat' dir='ltr'><strong>sunt,</strong></span> <span class='ocrx_word' id='word_1_271' title='bbox 417 1233 500 1270; x_wconf 88' lang='lat' dir='ltr'><strong>quod</strong></span> <span class='ocrx_word' id='word_1_272' title='bbox 525 1233 666 1270; x_wconf 85' lang='lat' dir='ltr'><strong>sequitur</strong></span> <span class='ocrx_word' id='word_1_273' title='bbox 691 1233 837 1262; x_wconf 65' lang='lat' dir='ltr'><strong>int-edunt</strong></span> <span class='ocrx_word' id='word_1_274' title='bbox 860 1236 890 1262; x_wconf 87' lang='lat' dir='ltr'><strong>et</strong></span> <span class='ocrx_word' id='word_1_275' title='bbox 915 1233 967 1261; x_wconf 68' lang='lat' dir='ltr'><strong>Ire.</strong></span> <span class='ocrx_word' id='word_1_276' title='bbox 1015 1233 1091 1262; x_wconf 88' lang='lat' dir='ltr'><strong>Sunt</strong></span> <span class='ocrx_word' id='word_1_277' title='bbox 1113 1233 1148 1262; x_wconf 81' lang='lat' dir='ltr'><strong>R.</strong></span> <span class='ocrx_word' id='word_1_278' title='bbox 1165 1233 1336 1262; x_wconf 85' lang='lat' dir='ltr'><strong>Volkmann</strong></span> <span class='ocrx_word' id='word_1_279' title='bbox 1354 1234 1377 1270; x_wconf 75' lang='lat'><strong>¹)</strong></span> <span class='ocrx_word' id='word_1_280' title='bbox 1402 1237 1432 1262; x_wconf 87' lang='lat' dir='ltr'><strong>et</strong></span> <span class='ocrx_word' id='word_1_281' title='bbox 1450 1234 1546 1263; x_wconf 78' lang='lat' dir='ltr'><strong>Koch.</strong></span> <span class='ocrx_word' id='word_1_282' title='bbox 1562 1233 1586 1271; x_wconf 78' lang='lat'><strong>2)</strong></span> 
     </span>
    </p>

    <p class='ocr_par' dir='ltr' id='par_1_6' title="bbox 229 1289 2182 1497">
     <span class='ocr_line' id='line_1_21' title="bbox 397 1289 2182 1329; baseline 0.001 -11"><span class='ocrx_word' id='word_1_283' title='bbox 397 1291 425 1325; x_wconf 81' lang='grc'>6,</span> <span class='ocrx_word' id='word_1_284' title='bbox 451 1291 478 1318; x_wconf 79' lang='grc' dir='ltr'><strong>ῦ.</strong></span> <span class='ocrx_word' id='word_1_285' title='bbox 503 1290 625 1317; x_wconf 75' lang='lat' dir='ltr'><strong>mittam</strong></span> <span class='ocrx_word' id='word_1_286' title='bbox 657 1289 762 1325; x_wconf 77' lang='lat' dir='ltr'><strong>itaque</strong></span> <span class='ocrx_word' id='word_1_287' title='bbox 794 1289 904 1325; x_wconf 73' lang='lat' dir='ltr'><strong>ipsos</strong></span> <span class='ocrx_word' id='word_1_288' title='bbox 935 1289 991 1317; x_wconf 70' lang='lat' dir='ltr'><strong>tibi</strong></span> <span class='ocrx_word' id='word_1_289' title='bbox 1021 1289 1129 1327; x_wconf 72' lang='lat' dir='ltr'><strong>libros]</strong></span> <span class='ocrx_word' id='word_1_290' title='bbox 1153 1289 1257 1318; x_wconf 87' lang='lat' dir='ltr'><strong>Malim</strong></span> <span class='ocrx_word' id='word_1_291' title='bbox 1284 1290 1399 1323; x_wconf 66' lang='lat' dir='ltr'><strong>istos,</strong></span> <span class='ocrx_word' id='word_1_292' title='bbox 1436 1291 1515 1326; x_wconf 79' lang='lat' dir='ltr'><strong>quod</strong></span> <span class='ocrx_word' id='word_1_293' title='bbox 1541 1290 1658 1319; x_wconf 82' lang='lat' dir='ltr'><strong>Seneca</strong></span> <span class='ocrx_word' id='word_1_294' title='bbox 1683 1290 1849 1326; x_wconf 84' lang='lat' dir='ltr'><strong>Lucilium,</strong></span> <span class='ocrx_word' id='word_1_295' title='bbox 1874 1291 1913 1320; x_wconf 85' lang='lat' dir='ltr'><strong>ad</strong></span> <span class='ocrx_word' id='word_1_296' title='bbox 1937 1300 2024 1328; x_wconf 81' lang='lat' dir='ltr'><strong>quem</strong></span> <span class='ocrx_word' id='word_1_297' title='bbox 2050 1291 2182 1329; x_wconf 74' lang='lat' dir='ltr'><strong>epistula</strong></span> 
     </span>
     <span class='ocr_line' id='line_1_22' title="bbox 232 1343 2181 1385; baseline 0 -10"><span class='ocrx_word' id='word_1_298' title='bbox 232 1351 279 1375; x_wconf 87' lang='lat' dir='ltr'><strong>est</strong></span> <span class='ocrx_word' id='word_1_299' title='bbox 302 1347 386 1381; x_wconf 86' lang='lat' dir='ltr'><strong>data,</strong></span> <span class='ocrx_word' id='word_1_300' title='bbox 412 1354 505 1382; x_wconf 86' lang='lat' dir='ltr'><strong>supra</strong></span> <span class='ocrx_word' id='word_1_301' title='bbox 530 1345 627 1374; x_wconf 90' lang='lat' dir='ltr'><strong>libros</strong></span> <span class='ocrx_word' id='word_1_302' title='bbox 651 1345 722 1374; x_wconf 82' lang='lat' dir='ltr'><strong>illos</strong></span> <span class='ocrx_word' id='word_1_303' title='bbox 746 1348 924 1381; x_wconf 86' lang='lat' dir='ltr'><strong>poscentem</strong></span> <span class='ocrx_word' id='word_1_304' title='bbox 949 1344 1074 1374; x_wconf 87' lang='lat' dir='ltr'><strong>fecerat.</strong></span> <span class='ocrx_word' id='word_1_305' title='bbox 1108 1344 1217 1382; x_wconf 80' lang='lat' dir='ltr'><strong>Itaque</strong></span> <span class='ocrx_word' id='word_1_306' title='bbox 1241 1354 1306 1375; x_wconf 87' lang='lat' dir='ltr'><strong>cnm</strong></span> <span class='ocrx_word' id='word_1_307' title='bbox 1327 1345 1421 1382; x_wconf 44' lang='lat' dir='ltr'><strong>„istm</strong></span> <span class='ocrx_word' id='word_1_308' title='bbox 1441 1354 1605 1384; x_wconf 71' lang='lat' dir='ltr'><strong>pronomen</strong></span> <span class='ocrx_word' id='word_1_309' title='bbox 1627 1347 1664 1376; x_wconf 87' lang='lat' dir='ltr'><strong>sit</strong></span> <span class='ocrx_word' id='word_1_310' title='bbox 1690 1343 1941 1385; x_wconf 59' lang='grc' dir='ltr'><strong>δειιτερότριτον,</strong></span> <span class='ocrx_word' id='word_1_311' title='bbox 1970 1351 2003 1377; x_wconf 86' lang='lat' dir='ltr'><strong>ut</strong></span> <span class='ocrx_word' id='word_1_312' title='bbox 2026 1347 2067 1376; x_wconf 81' lang='lat' dir='ltr'><strong>ait</strong></span> <span class='ocrx_word' id='word_1_313' title='bbox 2094 1346 2181 1377; x_wconf 67' lang='lat' dir='ltr'><strong>‘scho-</strong></span> 
     </span>
     <span class='ocr_line' id='line_1_23' title="bbox 229 1401 2181 1442; baseline 0.001 -10"><span class='ocrx_word' id='word_1_314' title='bbox 229 1404 322 1433; x_wconf 84' lang='lat' dir='ltr'><strong>liasta</strong></span> <span class='ocrx_word' id='word_1_315' title='bbox 345 1403 479 1440; x_wconf 84' lang='lat' dir='ltr'><strong>quidam.</strong></span> <span class='ocrx_word' id='word_1_316' title='bbox 504 1402 622 1439; x_wconf 88' lang='lat' dir='ltr'><strong>optime</strong></span> <span class='ocrx_word' id='word_1_317' title='bbox 648 1401 768 1432; x_wconf 81' lang='lat' dir='ltr'><strong>Seneca</strong></span> <span class='ocrx_word' id='word_1_318' title='bbox 792 1405 916 1439; x_wconf 87' lang='lat' dir='ltr'><strong>poterat</strong></span> <span class='ocrx_word' id='word_1_319' title='bbox 939 1402 1041 1432; x_wconf 85' lang='lat' dir='ltr'><strong>dicere</strong></span> <span class='ocrx_word' id='word_1_320' title='bbox 1068 1401 1155 1438; x_wconf 79' lang='lat' dir='ltr'><strong>„illos</strong></span> <span class='ocrx_word' id='word_1_321' title='bbox 1179 1411 1197 1432; x_wconf 87' lang='lat' dir='ltr'><strong>a</strong></span> <span class='ocrx_word' id='word_1_322' title='bbox 1220 1406 1249 1432; x_wconf 84' lang='lat' dir='ltr'><strong>te</strong></span> <span class='ocrx_word' id='word_1_323' title='bbox 1273 1401 1428 1439; x_wconf 74' lang='lat' dir='ltr'><strong>flagitatos</strong></span> <span class='ocrx_word' id='word_1_324' title='bbox 1451 1401 1576 1432; x_wconf 47' lang='lat' dir='ltr'><strong>libros:</strong></span> <span class='ocrx_word' id='word_1_325' title='bbox 1610 1401 1701 1442; x_wconf 88' lang='lat' dir='ltr'><strong>Ipsos</strong></span> <span class='ocrx_word' id='word_1_326' title='bbox 1719 1411 1771 1432; x_wconf 88' lang='lat' dir='ltr'><strong>cur</strong></span> <span class='ocrx_word' id='word_1_327' title='bbox 1788 1402 1870 1432; x_wconf 80' lang='lat' dir='ltr'><strong>dicat</strong></span> <span class='ocrx_word' id='word_1_328' title='bbox 1886 1402 1991 1439; x_wconf 74' lang='lat' dir='ltr'><strong>libros.</strong></span> <span class='ocrx_word' id='word_1_329' title='bbox 2017 1412 2083 1433; x_wconf 89' lang='lat' dir='ltr'><strong>cum</strong></span> <span class='ocrx_word' id='word_1_330' title='bbox 2108 1403 2181 1433; x_wconf 89' lang='lat' dir='ltr'><strong>nulli</strong></span> 
     </span>
     <span class='ocr_line' id='line_1_24' title="bbox 231 1460 791 1497; baseline -0.005 -8"><span class='ocrx_word' id='word_1_331' title='bbox 231 1460 274 1489; x_wconf 78' lang='lat' dir='ltr'><strong>rei</strong></span> <span class='ocrx_word' id='word_1_332' title='bbox 299 1463 504 1497; x_wconf 83' lang='lat' dir='ltr'><strong>opponantur,</strong></span> <span class='ocrx_word' id='word_1_333' title='bbox 531 1465 591 1486; x_wconf 89' lang='grc' dir='ltr'>ιιοιι</span> <span class='ocrx_word' id='word_1_334' title='bbox 616 1462 664 1486; x_wconf 88' lang='lat' dir='ltr'><strong>est</strong></span> <span class='ocrx_word' id='word_1_335' title='bbox 687 1466 791 1487; x_wconf 87' lang='lat' dir='ltr'><strong>causa.</strong></span> 
     </span>
    </p>

    <p class='ocr_par' dir='ltr' id='par_1_7' title="bbox 223 1514 2183 2056">
     <span class='ocr_line' id='line_1_25' title="bbox 396 1514 2180 1553; baseline 0.002 -9"><span class='ocrx_word' id='word_1_336' title='bbox 396 1516 423 1551; x_wconf 82' lang='lat'><strong>8,</strong></span> <span class='ocrx_word' id='word_1_337' title='bbox 452 1516 476 1544; x_wconf 95' lang='lat' dir='ltr'><strong>l.</strong></span> <span class='ocrx_word' id='word_1_338' title='bbox 505 1515 574 1549; x_wconf 73' lang='lat' dir='ltr'><strong>„Tu</strong></span> <span class='ocrx_word' id='word_1_339' title='bbox 599 1523 654 1549; x_wconf 75' lang='lat' dir='ltr'><strong>me,</strong></span> <span class='ocrx_word' id='word_1_340' title='bbox 681 1514 794 1551; x_wconf 69' lang='lat' dir='ltr'><strong>inquis,</strong></span> <span class='ocrx_word' id='word_1_341' title='bbox 820 1514 917 1543; x_wconf 60' lang='lat' dir='ltr'><strong>wilare</strong></span> <span class='ocrx_word' id='word_1_342' title='bbox 940 1515 1061 1544; x_wconf 71' lang='lat' dir='ltr'><strong>turoam</strong></span> <span class='ocrx_word' id='word_1_343' title='bbox 1087 1514 1195 1544; x_wconf 62' lang='lat' dir='ltr'><strong>iubrs.</strong></span> <span class='ocrx_word' id='word_1_344' title='bbox 1220 1539 1224 1543; x_wconf 89' lang='lat'><strong>.</strong></span> <span class='ocrx_word' id='word_1_345' title='bbox 1251 1517 1276 1543; x_wconf 46' lang='grc' dir='ltr'><strong>Δ)</strong></span> <span class='ocrx_word' id='word_1_346' title='bbox 1300 1515 1352 1543; x_wconf 70' lang='lat' dir='ltr'><strong>nbi</strong></span> <span class='ocrx_word' id='word_1_347' title='bbox 1376 1515 1430 1544; x_wconf 77' lang='lat' dir='ltr'><strong>illa</strong></span> <span class='ocrx_word' id='word_1_348' title='bbox 1451 1518 1616 1553; x_wconf 61' lang='lat' dir='ltr'><strong>[wora-epla</strong></span> <span class='ocrx_word' id='word_1_349' title='bbox 1642 1518 1750 1551; x_wconf 53' lang='lat' dir='ltr'><strong>restra,</strong></span> <span class='ocrx_word' id='word_1_350' title='bbox 1775 1524 1854 1552; x_wconf 61' lang='lat' dir='ltr'><strong>quote</strong></span> <span class='ocrx_word' id='word_1_351' title='bbox 1879 1516 2032 1553; x_wconf 66' lang='lat' dir='ltr'><strong>imperant</strong></span> <span class='ocrx_word' id='word_1_352' title='bbox 2057 1518 2086 1546; x_wconf 75' lang='lat' dir='ltr'><strong>iu</strong></span> <span class='ocrx_word' id='word_1_353' title='bbox 2112 1519 2180 1547; x_wconf 72' lang='lat' dir='ltr'><strong>octo</strong></span> 
     </span>
     <span class='ocr_line' id='line_1_26' title="bbox 230 1570 2180 1610; baseline 0.001 -9"><span class='ocrx_word' id='word_1_354' title='bbox 230 1573 354 1601; x_wconf 44' lang='lat' dir='ltr'><strong>anm-iv</strong></span> <span class='ocrx_word' id='word_1_355' title='bbox 404 1573 455 1609; x_wconf 72' lang='lat' dir='ltr'><strong>Qu</strong></span> <span class='ocrx_word' id='word_1_356' title='bbox 466 1581 482 1598; x_wconf 94' lang='lat' dir='ltr'><strong>o</strong></span> <span class='ocrx_word' id='word_1_357' title='bbox 493 1572 513 1600; x_wconf 81' lang='lat' dir='ltr'><strong>d</strong></span> <span class='ocrx_word' id='word_1_358' title='bbox 542 1580 610 1608; x_wconf 70' lang='lat' dir='ltr'><strong>eqo</strong></span> <span class='ocrx_word' id='word_1_359' title='bbox 642 1570 720 1598; x_wconf 59' lang='lat' dir='ltr'><strong>tilii</strong></span> <span class='ocrx_word' id='word_1_360' title='bbox 749 1570 865 1599; x_wconf 70' lang='lat' dir='ltr'><strong>rideo</strong></span> <span class='ocrx_word' id='word_1_361' title='bbox 876 1580 892 1599; x_wconf 83' lang='lat' dir='ltr'><strong>r</strong></span> <span class='ocrx_word' id='word_1_362' title='bbox 922 1570 1086 1599; x_wconf 73' lang='lat' dir='ltr'><strong>interim</strong></span> <span class='ocrx_word' id='word_1_363' title='bbox 1118 1571 1310 1601; x_wconf 59' lang='lat' dir='ltr'><strong>suadere.</strong></span> <span class='ocrx_word' id='word_1_364' title='bbox 1336 1572 1366 1600; x_wconf 71' lang='lat' dir='ltr'><strong>in</strong></span> <span class='ocrx_word' id='word_1_365' title='bbox 1391 1572 1445 1600; x_wconf 60' lang='lat' dir='ltr'><strong>lior&gt;</strong></span> <span class='ocrx_word' id='word_1_366' title='bbox 1469 1582 1513 1601; x_wconf 73' lang='lat' dir='ltr'><strong>me</strong></span> <span class='ocrx_word' id='word_1_367' title='bbox 1537 1573 1693 1601; x_wconf 65' lang='lat' dir='ltr'><strong>reromlidi</strong></span> <span class='ocrx_word' id='word_1_368' title='bbox 1715 1575 1741 1602; x_wconf 75' lang='lat' dir='ltr'><strong>el</strong></span> <span class='ocrx_word' id='word_1_369' title='bbox 1763 1572 1848 1608; x_wconf 63' lang='lat' dir='ltr'><strong>sores</strong></span> <span class='ocrx_word' id='word_1_370' title='bbox 1871 1573 1959 1608; x_wconf 72' lang='lat' dir='ltr'><strong>clusi,</strong></span> <span class='ocrx_word' id='word_1_371' title='bbox 1986 1575 2018 1601; x_wconf 76' lang='lat' dir='ltr'><strong>nt</strong></span> <span class='ocrx_word' id='word_1_372' title='bbox 2038 1574 2180 1610; x_wconf 59' lang='lat' dir='ltr'><strong>prothasst:</strong></span> 
     </span>
     <span class='ocr_line' id='line_1_27' title="bbox 223 1624 2183 1666; baseline 0.002 -11"><span class='ocrx_word' id='word_1_373' title='bbox 223 1628 377 1664; x_wconf 67' lang='lat' dir='ltr'><strong>pluribus</strong></span> <span class='ocrx_word' id='word_1_374' title='bbox 394 1625 544 1664; x_wconf 61' lang='lat' dir='ltr'><strong>possem]</strong></span> <span class='ocrx_word' id='word_1_375' title='bbox 591 1624 707 1654; x_wconf 85' lang='lat' dir='ltr'><strong>Locum</strong></span> <span class='ocrx_word' id='word_1_376' title='bbox 732 1628 910 1662; x_wconf 88' lang='lat' dir='ltr'><strong>corruptum</strong></span> <span class='ocrx_word' id='word_1_377' title='bbox 934 1633 1001 1654; x_wconf 82' lang='lat' dir='ltr'><strong>esse</strong></span> <span class='ocrx_word' id='word_1_378' title='bbox 1025 1628 1055 1654; x_wconf 81' lang='lat' dir='ltr'><strong>et</strong></span> <span class='ocrx_word' id='word_1_379' title='bbox 1078 1625 1193 1654; x_wconf 86' lang='lat' dir='ltr'><strong>librarii</strong></span> <span class='ocrx_word' id='word_1_380' title='bbox 1218 1627 1389 1664; x_wconf 80' lang='lat' dir='ltr'><strong>complures</strong></span> <span class='ocrx_word' id='word_1_381' title='bbox 1413 1632 1604 1665; x_wconf 81' lang='lat' dir='ltr'><strong>putaverunt,</strong></span> <span class='ocrx_word' id='word_1_382' title='bbox 1630 1629 1679 1665; x_wconf 86' lang='lat' dir='ltr'><strong>qui</strong></span> <span class='ocrx_word' id='word_1_383' title='bbox 1697 1629 1885 1665; x_wconf 79' lang='lat' dir='ltr'><strong>seripseiunt</strong></span> <span class='ocrx_word' id='word_1_384' title='bbox 1935 1629 2055 1666; x_wconf 74' lang='lat' dir='ltr'><strong>Quid,</strong></span> <span class='ocrx_word' id='word_1_385' title='bbox 2080 1631 2183 1665; x_wconf 69' lang='lat' dir='ltr'><strong>qaod</strong></span> 
     </span>
     <span class='ocr_line' id='line_1_28' title="bbox 230 1680 2181 1723; baseline 0 -10"><span class='ocrx_word' id='word_1_386' title='bbox 230 1687 283 1713; x_wconf 86' lang='lat' dir='ltr'><strong>aut</strong></span> <span class='ocrx_word' id='word_1_387' title='bbox 313 1683 418 1723; x_wconf 73' lang='lat' dir='ltr'><strong>Quid</strong></span> <span class='ocrx_word' id='word_1_388' title='bbox 451 1681 556 1711; x_wconf 74' lang='lat' dir='ltr'><strong>enim</strong></span> <span class='ocrx_word' id='word_1_389' title='bbox 589 1689 647 1719; x_wconf 88' lang='lat' dir='ltr'><strong>pro</strong></span> <span class='ocrx_word' id='word_1_390' title='bbox 677 1680 791 1719; x_wconf 71' lang='lat' dir='ltr'><strong>Quod</strong></span> <span class='ocrx_word' id='word_1_391' title='bbox 825 1684 855 1709; x_wconf 91' lang='lat' dir='ltr'><strong>et</strong></span> <span class='ocrx_word' id='word_1_392' title='bbox 879 1680 1017 1709; x_wconf 81' lang='lat' dir='ltr'><strong>Muretus</strong></span> <span class='ocrx_word' id='word_1_393' title='bbox 1042 1681 1090 1718; x_wconf 84' lang='lat' dir='ltr'><strong>qui</strong></span> <span class='ocrx_word' id='word_1_394' title='bbox 1115 1682 1246 1710; x_wconf 89' lang='lat' dir='ltr'><strong>coniecit</strong></span> <span class='ocrx_word' id='word_1_395' title='bbox 1295 1683 1401 1720; x_wconf 73' lang='lat' dir='ltr'><strong>Quid?</strong></span> <span class='ocrx_word' id='word_1_396' title='bbox 1436 1693 1488 1720; x_wconf 53' lang='lat' dir='ltr'><strong>orso</strong></span> <span class='ocrx_word' id='word_1_397' title='bbox 1524 1685 1579 1712; x_wconf 75' lang='lat' dir='ltr'><strong>tihi</strong></span> <span class='ocrx_word' id='word_1_398' title='bbox 1616 1685 1716 1712; x_wconf 62' lang='lat' dir='ltr'><strong>fidvor</strong></span> <span class='ocrx_word' id='word_1_399' title='bbox 1751 1684 1949 1713; x_wconf 67' lang='lat' dir='ltr'><strong>inertium</strong></span> <span class='ocrx_word' id='word_1_400' title='bbox 1983 1685 2181 1714; x_wconf 62' lang='lat' dir='ltr'><strong>suodcaw?</strong></span> 
     </span>
     <span class='ocr_line' id='line_1_29' title="bbox 230 1736 2181 1779; baseline 0.001 -11"><span class='ocrx_word' id='word_1_401' title='bbox 230 1740 322 1768; x_wconf 87' lang='lat' dir='ltr'><strong>Haud</strong></span> <span class='ocrx_word' id='word_1_402' title='bbox 345 1739 490 1776; x_wconf 90' lang='lat' dir='ltr'><strong>displicet</strong></span> <span class='ocrx_word' id='word_1_403' title='bbox 514 1741 643 1774; x_wconf 85' lang='lat' dir='ltr'><strong>utraque</strong></span> <span class='ocrx_word' id='word_1_404' title='bbox 667 1736 817 1774; x_wconf 82' lang='lat' dir='ltr'><strong>opinatio.</strong></span> <span class='ocrx_word' id='word_1_405' title='bbox 864 1737 975 1766; x_wconf 89' lang='lat' dir='ltr'><strong>Lenius</strong></span> <span class='ocrx_word' id='word_1_406' title='bbox 998 1741 1099 1766; x_wconf 84' lang='lat' dir='ltr'><strong>tamen</strong></span> <span class='ocrx_word' id='word_1_407' title='bbox 1122 1739 1236 1775; x_wconf 85' lang='lat' dir='ltr'><strong>poterit</strong></span> <span class='ocrx_word' id='word_1_408' title='bbox 1260 1740 1360 1768; x_wconf 84' lang='lat' dir='ltr'><strong>sanari</strong></span> <span class='ocrx_word' id='word_1_409' title='bbox 1384 1740 1469 1769; x_wconf 80' lang='lat' dir='ltr'><strong>locus</strong></span> <span class='ocrx_word' id='word_1_410' title='bbox 1494 1742 1600 1770; x_wconf 81' lang='lat' dir='ltr'><strong>ordine</strong></span> <span class='ocrx_word' id='word_1_411' title='bbox 1624 1742 1668 1770; x_wconf 89' lang='lat' dir='ltr'><strong>sic</strong></span> <span class='ocrx_word' id='word_1_412' title='bbox 1691 1744 1826 1770; x_wconf 80' lang='lat' dir='ltr'><strong>mutato:</strong></span> <span class='ocrx_word' id='word_1_413' title='bbox 1871 1740 2000 1769; x_wconf 64' lang='lat' dir='ltr'><strong>Into-im</strong></span> <span class='ocrx_word' id='word_1_414' title='bbox 2025 1742 2107 1778; x_wconf 71' lang='lat' dir='ltr'><strong>qnod</strong></span> <span class='ocrx_word' id='word_1_415' title='bbox 2128 1752 2181 1779; x_wconf 59' lang='lat' dir='ltr'><strong>eoo</strong></span> 
     </span>
     <span class='ocr_line' id='line_1_30' title="bbox 230 1792 2181 1834; baseline 0.003 -13"><span class='ocrx_word' id='word_1_416' title='bbox 230 1795 286 1823; x_wconf 61' lang='lat' dir='ltr'><strong>tila·</strong></span> <span class='ocrx_word' id='word_1_417' title='bbox 316 1795 422 1823; x_wconf 66' lang='lat' dir='ltr'><strong>videor</strong></span> <span class='ocrx_word' id='word_1_418' title='bbox 451 1793 601 1826; x_wconf 66' lang='lat' dir='ltr'><strong>sundere,</strong></span> <span class='ocrx_word' id='word_1_419' title='bbox 636 1792 669 1820; x_wconf 77' lang='lat' dir='ltr'><strong>in</strong></span> <span class='ocrx_word' id='word_1_420' title='bbox 701 1792 757 1820; x_wconf 77' lang='lat' dir='ltr'><strong>hoe</strong></span> <span class='ocrx_word' id='word_1_421' title='bbox 785 1802 833 1821; x_wconf 69' lang='lat' dir='ltr'><strong>mr*</strong></span> <span class='ocrx_word' id='word_1_422' title='bbox 862 1793 1020 1821; x_wconf 76' lang='lat' dir='ltr'><strong>recondidi</strong></span> <span class='ocrx_word' id='word_1_423' title='bbox 1049 1802 1093 1829; x_wconf 84' lang='lat' dir='ltr'><strong>sq.</strong></span> <span class='ocrx_word' id='word_1_424' title='bbox 1139 1793 1189 1822; x_wconf 87' lang='lat' dir='ltr'><strong>Sic</strong></span> <span class='ocrx_word' id='word_1_425' title='bbox 1212 1794 1291 1823; x_wconf 77' lang='lat' dir='ltr'><strong>enim</strong></span> <span class='ocrx_word' id='word_1_426' title='bbox 1315 1799 1344 1824; x_wconf 89' lang='lat' dir='ltr'><strong>et</strong></span> <span class='ocrx_word' id='word_1_427' title='bbox 1377 1796 1498 1824; x_wconf 69' lang='lat' dir='ltr'><strong>intw&#39;t&#39;m</strong></span> <span class='ocrx_word' id='word_1_428' title='bbox 1531 1797 1705 1825; x_wconf 84' lang='lat' dir='ltr'><strong>coniunctio</strong></span> <span class='ocrx_word' id='word_1_429' title='bbox 1729 1804 1824 1834; x_wconf 84' lang='lat' dir='ltr'><strong>prope</strong></span> <span class='ocrx_word' id='word_1_430' title='bbox 1849 1796 1948 1832; x_wconf 87' lang='lat' dir='ltr'><strong>facta,</strong></span> <span class='ocrx_word' id='word_1_431' title='bbox 1981 1805 2039 1833; x_wconf 80' lang='lat' dir='ltr'><strong>qua</strong></span> <span class='ocrx_word' id='word_1_432' title='bbox 2064 1797 2181 1827; x_wconf 85' lang='lat' dir='ltr'><strong>Seneca</strong></span> 
     </span>
     <span class='ocr_line' id='line_1_31' title="bbox 229 1847 2181 1891; baseline 0.002 -12"><span class='ocrx_word' id='word_1_433' title='bbox 229 1850 311 1879; x_wconf 90' lang='lat' dir='ltr'><strong>haud</strong></span> <span class='ocrx_word' id='word_1_434' title='bbox 335 1858 405 1879; x_wconf 83' lang='lat' dir='ltr'><strong>raro</strong></span> <span class='ocrx_word' id='word_1_435' title='bbox 429 1858 485 1887; x_wconf 89' lang='lat' dir='ltr'><strong>pro</strong></span> <span class='ocrx_word' id='word_1_436' title='bbox 512 1848 605 1885; x_wconf 87' lang='lat' dir='ltr'><strong>,.sed“</strong></span> <span class='ocrx_word' id='word_1_437' title='bbox 632 1847 680 1877; x_wconf 87' lang='lat' dir='ltr'><strong>vel</strong></span> <span class='ocrx_word' id='word_1_438' title='bbox 707 1848 848 1883; x_wconf 68' lang='lat' dir='ltr'><strong>„tamew‘</strong></span> <span class='ocrx_word' id='word_1_439' title='bbox 863 1848 967 1884; x_wconf 85' lang='lat' dir='ltr'><strong>utitur,</strong></span> <span class='ocrx_word' id='word_1_440' title='bbox 992 1849 1169 1886; x_wconf 86' lang='lat' dir='ltr'><strong>saepissime</strong></span> <span class='ocrx_word' id='word_1_441' title='bbox 1193 1850 1291 1887; x_wconf 89' lang='lat' dir='ltr'><strong>primo</strong></span> <span class='ocrx_word' id='word_1_442' title='bbox 1316 1851 1463 1880; x_wconf 85' lang='lat' dir='ltr'><strong>enuntiati</strong></span> <span class='ocrx_word' id='word_1_443' title='bbox 1488 1851 1555 1881; x_wconf 83' lang='lat' dir='ltr'><strong>loco</strong></span> <span class='ocrx_word' id='word_1_444' title='bbox 1581 1852 1662 1889; x_wconf 75' lang='lat' dir='ltr'><strong>(vide</strong></span> <span class='ocrx_word' id='word_1_445' title='bbox 1687 1852 1896 1890; x_wconf 73' lang='lat' dir='ltr'><strong>Rausclining)</strong></span> <span class='ocrx_word' id='word_1_446' title='bbox 1913 1852 1948 1891; x_wconf 80' lang='lat'><strong>³),</strong></span> <span class='ocrx_word' id='word_1_447' title='bbox 1980 1861 2063 1881; x_wconf 76' lang='lat' dir='ltr'><strong>snam</strong></span> <span class='ocrx_word' id='word_1_448' title='bbox 2088 1853 2181 1882; x_wconf 84' lang='lat' dir='ltr'><strong>habet</strong></span> 
     </span>
     <span class='ocr_line' id='line_1_32' title="bbox 229 1903 2180 1946; baseline 0.002 -11"><span class='ocrx_word' id='word_1_449' title='bbox 229 1906 401 1943; x_wconf 87' lang='lat' dir='ltr'><strong>iustamque</strong></span> <span class='ocrx_word' id='word_1_450' title='bbox 426 1906 501 1941; x_wconf 89' lang='lat' dir='ltr'><strong>vim,</strong></span> <span class='ocrx_word' id='word_1_451' title='bbox 528 1912 620 1942; x_wconf 83' lang='lat' dir='ltr'><strong>quam</strong></span> <span class='ocrx_word' id='word_1_452' title='bbox 643 1912 704 1933; x_wconf 90' lang='lat' dir='ltr'><strong>non</strong></span> <span class='ocrx_word' id='word_1_453' title='bbox 728 1903 823 1933; x_wconf 89' lang='lat' dir='ltr'><strong>habet</strong></span> <span class='ocrx_word' id='word_1_454' title='bbox 846 1903 875 1932; x_wconf 92' lang='lat' dir='ltr'><strong>in</strong></span> <span class='ocrx_word' id='word_1_455' title='bbox 899 1904 1031 1933; x_wconf 86' lang='lat' dir='ltr'><strong>lectione</strong></span> <span class='ocrx_word' id='word_1_456' title='bbox 1055 1909 1194 1943; x_wconf 77' lang='lat' dir='ltr'><strong>recepta,</strong></span> <span class='ocrx_word' id='word_1_457' title='bbox 1227 1910 1256 1934; x_wconf 85' lang='lat' dir='ltr'><strong>et</strong></span> <span class='ocrx_word' id='word_1_458' title='bbox 1280 1907 1375 1941; x_wconf 65' lang='lat' dir='ltr'><strong>magis</strong></span> <span class='ocrx_word' id='word_1_459' title='bbox 1399 1912 1543 1945; x_wconf 79' lang='lat' dir='ltr'><strong>apparet.</strong></span> <span class='ocrx_word' id='word_1_460' title='bbox 1576 1917 1665 1945; x_wconf 78' lang='lat' dir='ltr'><strong>quam</strong></span> <span class='ocrx_word' id='word_1_461' title='bbox 1689 1909 1729 1937; x_wconf 84' lang='lat' dir='ltr'><strong>sit</strong></span> <span class='ocrx_word' id='word_1_462' title='bbox 1753 1909 1908 1937; x_wconf 81' lang='lat' dir='ltr'><strong>contraria</strong></span> <span class='ocrx_word' id='word_1_463' title='bbox 1931 1909 2035 1946; x_wconf 89' lang='lat' dir='ltr'><strong>opinio</strong></span> <span class='ocrx_word' id='word_1_464' title='bbox 2059 1909 2180 1946; x_wconf 88' lang='lat' dir='ltr'><strong>Lucilii,</strong></span> 
     </span>
     <span class='ocr_line' id='line_1_33' title="bbox 229 1960 2181 2003; baseline 0.003 -14"><span class='ocrx_word' id='word_1_465' title='bbox 229 1963 281 1999; x_wconf 81' lang='lat' dir='ltr'><strong>qui</strong></span> <span class='ocrx_word' id='word_1_466' title='bbox 305 1962 364 1991; x_wconf 90' lang='lat' dir='ltr'><strong>sibi</strong></span> <span class='ocrx_word' id='word_1_467' title='bbox 387 1962 519 1991; x_wconf 84' lang='lat' dir='ltr'><strong>maxime</strong></span> <span class='ocrx_word' id='word_1_468' title='bbox 544 1960 620 1990; x_wconf 91' lang='lat' dir='ltr'><strong>illud</strong></span> <span class='ocrx_word' id='word_1_469' title='bbox 644 1962 844 1998; x_wconf 83' lang='lat' dir='ltr'><strong>praeceptum</strong></span> <span class='ocrx_word' id='word_1_470' title='bbox 869 1960 973 1988; x_wconf 88' lang='lat' dir='ltr'><strong>datum</strong></span> <span class='ocrx_word' id='word_1_471' title='bbox 997 1969 1063 1988; x_wconf 84' lang='lat' dir='ltr'><strong>esse</strong></span> <span class='ocrx_word' id='word_1_472' title='bbox 1086 1965 1188 1998; x_wconf 85' lang='lat' dir='ltr'><strong>putat.</strong></span> <span class='ocrx_word' id='word_1_473' title='bbox 1221 1964 1391 1993; x_wconf 81' lang='lat' dir='ltr'><strong>sententiae</strong></span> <span class='ocrx_word' id='word_1_474' title='bbox 1417 1964 1567 2000; x_wconf 81' lang='lat' dir='ltr'><strong>Senecae,</strong></span> <span class='ocrx_word' id='word_1_475' title='bbox 1600 1965 1649 2001; x_wconf 80' lang='lat' dir='ltr'><strong>qui</strong></span> <span class='ocrx_word' id='word_1_476' title='bbox 1674 1966 1771 2002; x_wconf 87' lang='lat' dir='ltr'><strong>ipsum</strong></span> <span class='ocrx_word' id='word_1_477' title='bbox 1796 1973 1828 1993; x_wconf 89' lang='lat' dir='ltr'><strong>se</strong></span> <span class='ocrx_word' id='word_1_478' title='bbox 1852 1973 1972 2002; x_wconf 85' lang='lat' dir='ltr'><strong>quoque</strong></span> <span class='ocrx_word' id='word_1_479' title='bbox 1997 1965 2070 1995; x_wconf 91' lang='lat' dir='ltr'><strong>illud</strong></span> <span class='ocrx_word' id='word_1_480' title='bbox 2095 1967 2181 2003; x_wconf 78' lang='lat' dir='ltr'><strong>sequi</strong></span> 
     </span>
     <span class='ocr_line' id='line_1_34' title="bbox 230 2015 1663 2056; baseline 0.001 -7"><span class='ocrx_word' id='word_1_481' title='bbox 230 2018 401 2049; x_wconf 80' lang='lat' dir='ltr'><strong>confirmat.</strong></span> <span class='ocrx_word' id='word_1_482' title='bbox 447 2018 545 2055; x_wconf 86' lang='lat' dir='ltr'><strong>Quam</strong></span> <span class='ocrx_word' id='word_1_483' title='bbox 569 2025 663 2055; x_wconf 84' lang='lat' dir='ltr'><strong>saepe</strong></span> <span class='ocrx_word' id='word_1_484' title='bbox 687 2019 790 2045; x_wconf 86' lang='lat' dir='ltr'><strong>autem</strong></span> <span class='ocrx_word' id='word_1_485' title='bbox 813 2015 907 2045; x_wconf 84' lang='lat' dir='ltr'><strong>verba</strong></span> <span class='ocrx_word' id='word_1_486' title='bbox 930 2025 948 2045; x_wconf 86' lang='lat' dir='ltr'><strong>a</strong></span> <span class='ocrx_word' id='word_1_487' title='bbox 970 2016 1104 2046; x_wconf 86' lang='lat' dir='ltr'><strong>librariis</strong></span> <span class='ocrx_word' id='word_1_488' title='bbox 1127 2018 1315 2056; x_wconf 73' lang='lat' dir='ltr'><strong>transposita</strong></span> <span class='ocrx_word' id='word_1_489' title='bbox 1339 2020 1407 2055; x_wconf 80' lang='lat' dir='ltr'><strong>sint,</strong></span> <span class='ocrx_word' id='word_1_490' title='bbox 1433 2020 1508 2050; x_wconf 76' lang='lat' dir='ltr'><strong>satis</strong></span> <span class='ocrx_word' id='word_1_491' title='bbox 1532 2025 1663 2051; x_wconf 86' lang='lat' dir='ltr'><strong>constat.</strong></span> 
     </span>
    </p>

    <p class='ocr_par' dir='ltr' id='par_1_8' title="bbox 220 2073 2182 2622">
     <span class='ocr_line' id='line_1_35' title="bbox 393 2073 2182 2111; baseline 0.003 -7"><span class='ocrx_word' id='word_1_492' title='bbox 393 2076 421 2111; x_wconf 83' lang='lat'><strong>8,</strong></span> <span class='ocrx_word' id='word_1_493' title='bbox 446 2076 474 2104; x_wconf 84' lang='lat'><strong>4.</strong></span> <span class='ocrx_word' id='word_1_494' title='bbox 498 2074 537 2103; x_wconf 77' lang='lat' dir='ltr'><strong>In</strong></span> <span class='ocrx_word' id='word_1_495' title='bbox 556 2073 751 2111; x_wconf 61' lang='lat' dir='ltr'><strong>praecipitio</strong></span> <span class='ocrx_word' id='word_1_496' title='bbox 773 2081 887 2102; x_wconf 72' lang='lat' dir='ltr'><strong>cursus</strong></span> <span class='ocrx_word' id='word_1_497' title='bbox 919 2073 974 2102; x_wconf 74' lang='lat' dir='ltr'><strong>iste</strong></span> <span class='ocrx_word' id='word_1_498' title='bbox 996 2073 1124 2103; x_wconf 73' lang='lat' dir='ltr'><strong>deducit.</strong></span> <span class='ocrx_word' id='word_1_499' title='bbox 1170 2074 1294 2104; x_wconf 65' lang='lat' dir='ltr'><strong>lenius·</strong></span> <span class='ocrx_word' id='word_1_500' title='bbox 1325 2076 1488 2106; x_wconf 62' lang='lat' dir='ltr'><strong>monentis</strong></span> <span class='ocrx_word' id='word_1_501' title='bbox 1520 2079 1598 2107; x_wconf 74' lang='lat' dir='ltr'><strong>ritae</strong></span> <span class='ocrx_word' id='word_1_502' title='bbox 1629 2078 1727 2108; x_wconf 59' lang='lat' dir='ltr'><strong>‹ai-itus</strong></span> <span class='ocrx_word' id='word_1_503' title='bbox 1759 2079 1867 2108; x_wconf 60' lang='lat' dir='ltr'><strong>‹uolo-e</strong></span> <span class='ocrx_word' id='word_1_504' title='bbox 1898 2081 1949 2108; x_wconf 62' lang='lat' dir='ltr'><strong>cst.</strong></span> <span class='ocrx_word' id='word_1_505' title='bbox 2005 2079 2113 2109; x_wconf 63' lang='lat' dir='ltr'><strong>‹lcimlr</strong></span> <span class='ocrx_word' id='word_1_506' title='bbox 2145 2091 2182 2110; x_wconf 71' lang='lat' dir='ltr'><strong>uc</strong></span> 
     </span>
     <span class='ocr_line' id='line_1_36' title="bbox 228 2128 2182 2169; baseline 0.003 -9"><span class='ocrx_word' id='word_1_507' title='bbox 228 2132 369 2161; x_wconf 73' lang='lat' dir='ltr'><strong>resistere</strong></span> <span class='ocrx_word' id='word_1_508' title='bbox 392 2130 513 2168; x_wconf 73' lang='lat' dir='ltr'><strong>quidem</strong></span> <span class='ocrx_word' id='word_1_509' title='bbox 538 2129 616 2164; x_wconf 75' lang='lat' dir='ltr'><strong>licet,</strong></span> <span class='ocrx_word' id='word_1_510' title='bbox 642 2137 713 2158; x_wconf 77' lang='lat' dir='ltr'><strong>enm</strong></span> <span class='ocrx_word' id='word_1_511' title='bbox 736 2128 834 2165; x_wconf 62' lang='lat' dir='ltr'><strong>eoepit</strong></span> <span class='ocrx_word' id='word_1_512' title='bbox 856 2131 1050 2159; x_wconf 68' lang='lat' dir='ltr'><strong>transversos</strong></span> <span class='ocrx_word' id='word_1_513' title='bbox 1073 2138 1163 2167; x_wconf 64' lang='lat' dir='ltr'><strong>offere</strong></span> <span class='ocrx_word' id='word_1_514' title='bbox 1185 2130 1319 2166; x_wconf 67' lang='lat' dir='ltr'><strong>felicitas</strong></span> <span class='ocrx_word' id='word_1_515' title='bbox 1343 2135 1413 2162; x_wconf 77' lang='lat' dir='ltr'><strong>unt</strong></span> <span class='ocrx_word' id='word_1_516' title='bbox 1443 2133 1588 2162; x_wconf 67' lang='lat' dir='ltr'><strong>sallem</strong></span> <span class='ocrx_word' id='word_1_517' title='bbox 1615 2134 1756 2169; x_wconf 52' lang='lat' dir='ltr'><strong>restis,</strong></span> <span class='ocrx_word' id='word_1_518' title='bbox 1789 2137 1859 2164; x_wconf 75' lang='lat' dir='ltr'><strong>ont</strong></span> <span class='ocrx_word' id='word_1_519' title='bbox 1890 2135 2012 2164; x_wconf 71' lang='lat' dir='ltr'><strong>semel</strong></span> <span class='ocrx_word' id='word_1_520' title='bbox 2042 2145 2182 2165; x_wconf 70' lang='lat' dir='ltr'><strong>ruere:</strong></span> 
     </span>
     <span class='ocr_line' id='line_1_37' title="bbox 228 2185 2181 2226; baseline 0.002 -10"><span class='ocrx_word' id='word_1_521' title='bbox 228 2197 288 2217; x_wconf 74' lang='lat' dir='ltr'><strong>non</strong></span> <span class='ocrx_word' id='word_1_522' title='bbox 316 2187 442 2217; x_wconf 63' lang='lat' dir='ltr'><strong>stertit</strong></span> <span class='ocrx_word' id='word_1_523' title='bbox 464 2185 605 2222; x_wconf 60' lang='lat' dir='ltr'><strong>,fin-tuna,</strong></span> <span class='ocrx_word' id='word_1_524' title='bbox 640 2185 695 2214; x_wconf 79' lang='lat' dir='ltr'><strong>secl</strong></span> <span class='ocrx_word' id='word_1_525' title='bbox 724 2185 917 2214; x_wconf 71' lang='lat' dir='ltr'><strong>cernulat</strong></span> <span class='ocrx_word' id='word_1_526' title='bbox 947 2187 973 2213; x_wconf 77' lang='lat' dir='ltr'><strong>el</strong></span> <span class='ocrx_word' id='word_1_527' title='bbox 995 2185 1129 2223; x_wconf 57' lang='lat' dir='ltr'><strong>muniit]</strong></span> <span class='ocrx_word' id='word_1_528' title='bbox 1174 2186 1275 2216; x_wconf 85' lang='lat' dir='ltr'><strong>Locus</strong></span> <span class='ocrx_word' id='word_1_529' title='bbox 1298 2189 1479 2224; x_wconf 85' lang='lat' dir='ltr'><strong>permultum</strong></span> <span class='ocrx_word' id='word_1_530' title='bbox 1504 2192 1630 2218; x_wconf 83' lang='lat' dir='ltr'><strong>vexatus</strong></span> <span class='ocrx_word' id='word_1_531' title='bbox 1654 2189 1730 2218; x_wconf 87' lang='lat' dir='ltr'><strong>satis</strong></span> <span class='ocrx_word' id='word_1_532' title='bbox 1753 2189 1878 2224; x_wconf 88' lang='lat' dir='ltr'><strong>indicat,</strong></span> <span class='ocrx_word' id='word_1_533' title='bbox 1902 2198 1992 2226; x_wconf 88' lang='lat' dir='ltr'><strong>quam</strong></span> <span class='ocrx_word' id='word_1_534' title='bbox 2015 2190 2181 2221; x_wconf 88' lang='lat' dir='ltr'><strong>dolendum</strong></span> 
     </span>
     <span class='ocr_line' id='line_1_38' title="bbox 226 2241 2181 2284; baseline 0.003 -12"><span class='ocrx_word' id='word_1_535' title='bbox 226 2245 275 2281; x_wconf 80' lang='lat' dir='ltr'><strong>sit,</strong></span> <span class='ocrx_word' id='word_1_536' title='bbox 307 2244 389 2281; x_wconf 88' lang='lat' dir='ltr'><strong>quod</strong></span> <span class='ocrx_word' id='word_1_537' title='bbox 419 2251 479 2281; x_wconf 85' lang='lat' dir='ltr'><strong>ope</strong></span> <span class='ocrx_word' id='word_1_538' title='bbox 509 2242 651 2272; x_wconf 83' lang='lat' dir='ltr'><strong>destituti</strong></span> <span class='ocrx_word' id='word_1_539' title='bbox 682 2241 777 2270; x_wconf 85' lang='lat' dir='ltr'><strong>simus</strong></span> <span class='ocrx_word' id='word_1_540' title='bbox 799 2241 916 2271; x_wconf 89' lang='lat' dir='ltr'><strong>codicis</strong></span> <span class='ocrx_word' id='word_1_541' title='bbox 932 2251 962 2279; x_wconf 90' lang='lat' dir='ltr'><strong>p.</strong></span> <span class='ocrx_word' id='word_1_542' title='bbox 1006 2242 1052 2271; x_wconf 84' lang='lat' dir='ltr'><strong>Ac</strong></span> <span class='ocrx_word' id='word_1_543' title='bbox 1075 2242 1203 2279; x_wconf 88' lang='lat' dir='ltr'><strong>primum</strong></span> <span class='ocrx_word' id='word_1_544' title='bbox 1227 2243 1348 2279; x_wconf 87' lang='lat' dir='ltr'><strong>quidem</strong></span> <span class='ocrx_word' id='word_1_545' title='bbox 1371 2244 1493 2274; x_wconf 73' lang='lat' dir='ltr'><strong>huius</strong></span> <span class='ocrx_word' id='word_1_546' title='bbox 1516 2244 1589 2274; x_wconf 89' lang='lat' dir='ltr'><strong>mihi</strong></span> <span class='ocrx_word' id='word_1_547' title='bbox 1612 2245 1656 2274; x_wconf 86' lang='lat' dir='ltr'><strong>ita</strong></span> <span class='ocrx_word' id='word_1_548' title='bbox 1679 2248 1853 2283; x_wconf 90' lang='lat' dir='ltr'><strong>suspectum</strong></span> <span class='ocrx_word' id='word_1_549' title='bbox 1878 2250 1933 2283; x_wconf 88' lang='lat' dir='ltr'><strong>est,</strong></span> <span class='ocrx_word' id='word_1_550' title='bbox 1957 2249 1990 2275; x_wconf 88' lang='lat' dir='ltr'><strong>ut</strong></span> <span class='ocrx_word' id='word_1_551' title='bbox 2013 2255 2069 2284; x_wconf 91' lang='lat' dir='ltr'><strong>pro</strong></span> <span class='ocrx_word' id='word_1_552' title='bbox 2093 2247 2181 2277; x_wconf 90' lang='lat' dir='ltr'><strong>addi-</strong></span> 
     </span>
     <span class='ocr_line' id='line_1_39' title="bbox 225 2296 2181 2340; baseline 0.002 -10"><span class='ocrx_word' id='word_1_553' title='bbox 225 2303 364 2330; x_wconf 89' lang='lat' dir='ltr'><strong>tamento</strong></span> <span class='ocrx_word' id='word_1_554' title='bbox 388 2299 507 2330; x_wconf 89' lang='lat' dir='ltr'><strong>librarii</strong></span> <span class='ocrx_word' id='word_1_555' title='bbox 525 2298 699 2328; x_wconf 84' lang='lat' dir='ltr'><strong>habendum</strong></span> <span class='ocrx_word' id='word_1_556' title='bbox 718 2305 786 2327; x_wconf 87' lang='lat' dir='ltr'><strong>esse</strong></span> <span class='ocrx_word' id='word_1_557' title='bbox 801 2305 955 2327; x_wconf 83' lang='lat' dir='ltr'><strong>censeam.</strong></span> <span class='ocrx_word' id='word_1_558' title='bbox 1000 2296 1078 2326; x_wconf 82' lang='lat' dir='ltr'><strong>Nam</strong></span> <span class='ocrx_word' id='word_1_559' title='bbox 1102 2306 1168 2327; x_wconf 92' lang='lat' dir='ltr'><strong>cum</strong></span> <span class='ocrx_word' id='word_1_560' title='bbox 1192 2307 1298 2328; x_wconf 85' lang='lat' dir='ltr'><strong>cursus</strong></span> <span class='ocrx_word' id='word_1_561' title='bbox 1321 2300 1378 2329; x_wconf 89' lang='lat' dir='ltr'><strong>iste</strong></span> <span class='ocrx_word' id='word_1_562' title='bbox 1402 2300 1482 2330; x_wconf 86' lang='lat' dir='ltr'><strong>idem</strong></span> <span class='ocrx_word' id='word_1_563' title='bbox 1507 2301 1556 2337; x_wconf 87' lang='lat' dir='ltr'><strong>sit,</strong></span> <span class='ocrx_word' id='word_1_564' title='bbox 1581 2301 1662 2338; x_wconf 90' lang='lat' dir='ltr'><strong>quod</strong></span> <span class='ocrx_word' id='word_1_565' title='bbox 1686 2301 1822 2331; x_wconf 87' lang='lat' dir='ltr'><strong>eminens</strong></span> <span class='ocrx_word' id='word_1_566' title='bbox 1846 2301 1919 2338; x_wconf 85' lang='lat' dir='ltr'><strong>vita,</strong></span> <span class='ocrx_word' id='word_1_567' title='bbox 1942 2302 2181 2340; x_wconf 80' lang='lat' dir='ltr'><strong>nullaprofecto</strong></span> 
     </span>
     <span class='ocr_line' id='line_1_40' title="bbox 224 2352 2180 2393; baseline 0.002 -7"><span class='ocrx_word' id='word_1_568' title='bbox 224 2359 272 2386; x_wconf 87' lang='lat' dir='ltr'><strong>est</strong></span> <span class='ocrx_word' id='word_1_569' title='bbox 295 2363 397 2392; x_wconf 83' lang='lat' dir='ltr'><strong>causa,</strong></span> <span class='ocrx_word' id='word_1_570' title='bbox 423 2363 478 2385; x_wconf 87' lang='lat' dir='ltr'><strong>cur</strong></span> <span class='ocrx_word' id='word_1_571' title='bbox 500 2355 577 2384; x_wconf 76' lang='lat' dir='ltr'><strong>iste</strong></span> <span class='ocrx_word' id='word_1_572' title='bbox 600 2353 775 2392; x_wconf 89' lang='lat' dir='ltr'><strong>pronomini</strong></span> <span class='ocrx_word' id='word_1_573' title='bbox 798 2356 974 2391; x_wconf 87' lang='lat' dir='ltr'><strong>opponatur</strong></span> <span class='ocrx_word' id='word_1_574' title='bbox 995 2352 1066 2381; x_wconf 65' lang='lat' dir='ltr'><strong>laus</strong></span> <span class='ocrx_word' id='word_1_575' title='bbox 1077 2361 1127 2382; x_wconf 74' lang='lat' dir='ltr'><strong>us.</strong></span> <span class='ocrx_word' id='word_1_576' title='bbox 1174 2354 1216 2382; x_wconf 86' lang='lat' dir='ltr'><strong>At</strong></span> <span class='ocrx_word' id='word_1_577' title='bbox 1238 2353 1381 2384; x_wconf 87' lang='lat' dir='ltr'><strong>librarius</strong></span> <span class='ocrx_word' id='word_1_578' title='bbox 1405 2356 1524 2392; x_wconf 85' lang='lat' dir='ltr'><strong>aliquis,</strong></span> <span class='ocrx_word' id='word_1_579' title='bbox 1550 2364 1616 2384; x_wconf 92' lang='lat' dir='ltr'><strong>cum</strong></span> <span class='ocrx_word' id='word_1_580' title='bbox 1633 2360 1798 2392; x_wconf 80' lang='lat' dir='ltr'><strong>vereretur,</strong></span> <span class='ocrx_word' id='word_1_581' title='bbox 1823 2366 1860 2386; x_wconf 90' lang='lat' dir='ltr'><strong>ne</strong></span> <span class='ocrx_word' id='word_1_582' title='bbox 1875 2358 2013 2393; x_wconf 82' lang='lat' dir='ltr'><strong>legentes</strong></span> <span class='ocrx_word' id='word_1_583' title='bbox 2032 2359 2180 2389; x_wconf 87' lang='lat' dir='ltr'><strong>Senecam</strong></span> 
     </span>
     <span class='ocr_line' id='line_1_41' title="bbox 222 2409 2182 2446; baseline 0.003 -6"><span class='ocrx_word' id='word_1_584' title='bbox 222 2412 262 2441; x_wconf 88' lang='lat' dir='ltr'><strong>ad</strong></span> <span class='ocrx_word' id='word_1_585' title='bbox 286 2412 372 2442; x_wconf 85' lang='lat' dir='ltr'><strong>aliud</strong></span> <span class='ocrx_word' id='word_1_586' title='bbox 394 2412 529 2441; x_wconf 83' lang='lat' dir='ltr'><strong>transire</strong></span> <span class='ocrx_word' id='word_1_587' title='bbox 553 2410 782 2445; x_wconf 83' lang='lat' dir='ltr'><strong>existimarent,</strong></span> <span class='ocrx_word' id='word_1_588' title='bbox 817 2409 1003 2438; x_wconf 89' lang='lat' dir='ltr'><strong>monendum</strong></span> <span class='ocrx_word' id='word_1_589' title='bbox 1026 2409 1147 2445; x_wconf 83' lang='lat' dir='ltr'><strong>putavit</strong></span> <span class='ocrx_word' id='word_1_590' title='bbox 1177 2410 1215 2439; x_wconf 87' lang='lat' dir='ltr'><strong>de</strong></span> <span class='ocrx_word' id='word_1_591' title='bbox 1239 2410 1347 2440; x_wconf 86' lang='lat' dir='ltr'><strong>eadem</strong></span> <span class='ocrx_word' id='word_1_592' title='bbox 1370 2420 1402 2440; x_wconf 86' lang='lat' dir='ltr'><strong>re</strong></span> <span class='ocrx_word' id='word_1_593' title='bbox 1426 2412 1496 2441; x_wconf 89' lang='lat' dir='ltr'><strong>dici.</strong></span> <span class='ocrx_word' id='word_1_594' title='bbox 1542 2412 1662 2442; x_wconf 87' lang='lat' dir='ltr'><strong>Deinde</strong></span> <span class='ocrx_word' id='word_1_595' title='bbox 1686 2415 1741 2442; x_wconf 76' lang='lat' dir='ltr'><strong>aut</strong></span> <span class='ocrx_word' id='word_1_596' title='bbox 1764 2413 1873 2442; x_wconf 78' lang='lat' dir='ltr'><strong>sallem</strong></span> <span class='ocrx_word' id='word_1_597' title='bbox 1897 2414 1987 2443; x_wconf 67' lang='lat' dir='ltr'><strong>rectis</strong></span> <span class='ocrx_word' id='word_1_598' title='bbox 2010 2417 2065 2444; x_wconf 75' lang='lat' dir='ltr'><strong>ant</strong></span> <span class='ocrx_word' id='word_1_599' title='bbox 2087 2417 2182 2446; x_wconf 66' lang='lat' dir='ltr'><strong>semel</strong></span> 
     </span>
     <span class='ocr_line' id='line_1_42' title="bbox 223 2464 2180 2511; baseline 0.003 -15"><span class='ocrx_word' id='word_1_600' title='bbox 223 2477 322 2503; x_wconf 77' lang='lat' dir='ltr'><strong>ruere,</strong></span> <span class='ocrx_word' id='word_1_601' title='bbox 347 2468 430 2504; x_wconf 90' lang='lat' dir='ltr'><strong>quod</strong></span> <span class='ocrx_word' id='word_1_602' title='bbox 453 2468 514 2496; x_wconf 79' lang='lat' dir='ltr'><strong>iam</strong></span> <span class='ocrx_word' id='word_1_603' title='bbox 538 2475 557 2495; x_wconf 86' lang='lat' dir='ltr'><strong>a</strong></span> <span class='ocrx_word' id='word_1_604' title='bbox 573 2464 845 2502; x_wconf 75' lang='lat' dir='ltr'><strong>Schweighausero</strong></span> <span class='ocrx_word' id='word_1_605' title='bbox 860 2465 886 2504; x_wconf 78' lang='lat'><strong>⁴)</strong></span> <span class='ocrx_word' id='word_1_606' title='bbox 910 2467 1068 2502; x_wconf 86' lang='lat' dir='ltr'><strong>receptum</strong></span> <span class='ocrx_word' id='word_1_607' title='bbox 1097 2467 1127 2494; x_wconf 90' lang='lat' dir='ltr'><strong>et</strong></span> <span class='ocrx_word' id='word_1_608' title='bbox 1156 2473 1175 2495; x_wconf 85' lang='lat' dir='ltr'><strong>a</strong></span> <span class='ocrx_word' id='word_1_609' title='bbox 1202 2465 1287 2495; x_wconf 84' lang='lat' dir='ltr'><strong>lanio</strong></span> <span class='ocrx_word' id='word_1_610' title='bbox 1303 2466 1329 2505; x_wconf 81' lang='grc' dir='ltr'><strong>ὅ)</strong></span> <span class='ocrx_word' id='word_1_611' title='bbox 1353 2475 1449 2505; x_wconf 86' lang='lat' dir='ltr'><strong>prope</strong></span> <span class='ocrx_word' id='word_1_612' title='bbox 1473 2467 1667 2498; x_wconf 85' lang='lat' dir='ltr'><strong>enucleatum</strong></span> <span class='ocrx_word' id='word_1_613' title='bbox 1692 2471 1747 2504; x_wconf 87' lang='lat' dir='ltr'><strong>est,</strong></span> <span class='ocrx_word' id='word_1_614' title='bbox 1773 2471 1836 2499; x_wconf 85' lang='lat' dir='ltr'><strong>tam</strong></span> <span class='ocrx_word' id='word_1_615' title='bbox 1864 2470 1955 2500; x_wconf 88' lang='lat' dir='ltr'><strong>docte</strong></span> <span class='ocrx_word' id='word_1_616' title='bbox 1981 2470 2019 2500; x_wconf 86' lang='lat' dir='ltr'><strong>ab</strong></span> <span class='ocrx_word' id='word_1_617' title='bbox 2044 2470 2180 2511; x_wconf 86' lang='lat' dir='ltr'><strong>Hauptio</strong></span> 
     </span>
     <span class='ocr_line' id='line_1_43' title="bbox 222 2520 2179 2565; baseline 0.001 -10"><span class='ocrx_word' id='word_1_618' title='bbox 222 2524 275 2563; x_wconf 91' lang='lat' dir='ltr'><strong>(II,</strong></span> <span class='ocrx_word' id='word_1_619' title='bbox 301 2524 362 2555; x_wconf 89' lang='grc'><strong>318</strong></span> <span class='ocrx_word' id='word_1_620' title='bbox 386 2523 446 2563; x_wconf 90' lang='lat' dir='ltr'><strong>sq.)</strong></span> <span class='ocrx_word' id='word_1_621' title='bbox 471 2521 657 2558; x_wconf 79' lang='lat' dir='ltr'><strong>defenditur,</strong></span> <span class='ocrx_word' id='word_1_622' title='bbox 686 2524 729 2559; x_wconf 89' lang='lat' dir='ltr'><strong>ut,</strong></span> <span class='ocrx_word' id='word_1_623' title='bbox 754 2520 806 2560; x_wconf 91' lang='lat' dir='ltr'><strong>qui</strong></span> <span class='ocrx_word' id='word_1_624' title='bbox 830 2520 937 2552; x_wconf 82' lang='lat' dir='ltr'><strong>Haasii</strong></span> <span class='ocrx_word' id='word_1_625' title='bbox 961 2520 1129 2552; x_wconf 85' lang='lat' dir='ltr'><strong>editionem</strong></span> <span class='ocrx_word' id='word_1_626' title='bbox 1152 2521 1281 2551; x_wconf 84' lang='lat' dir='ltr'><strong>alteram</strong></span> <span class='ocrx_word' id='word_1_627' title='bbox 1305 2523 1438 2561; x_wconf 83' lang='lat' dir='ltr'><strong>curavit,</strong></span> <span class='ocrx_word' id='word_1_628' title='bbox 1477 2524 1594 2562; x_wconf 90' lang='lat' dir='ltr'><strong>optimo</strong></span> <span class='ocrx_word' id='word_1_629' title='bbox 1617 2524 1692 2554; x_wconf 90' lang='lat' dir='ltr'><strong>illud</strong></span> <span class='ocrx_word' id='word_1_630' title='bbox 1716 2525 1780 2554; x_wconf 91' lang='lat' dir='ltr'><strong>iure</strong></span> <span class='ocrx_word' id='word_1_631' title='bbox 1803 2527 1972 2565; x_wconf 88' lang='lat' dir='ltr'><strong>receperit,</strong></span> <span class='ocrx_word' id='word_1_632' title='bbox 2007 2535 2179 2565; x_wconf 81' lang='lat' dir='ltr'><strong>quanquam</strong></span> 
     </span>
     <span class='ocr_line' id='line_1_44' title="bbox 220 2577 2179 2622; baseline 0.002 -11"><span class='ocrx_word' id='word_1_633' title='bbox 220 2585 342 2612; x_wconf 75' lang='lat' dir='ltr'><strong>comma·</strong></span> <span class='ocrx_word' id='word_1_634' title='bbox 363 2580 488 2611; x_wconf 85' lang='lat' dir='ltr'><strong>videtur</strong></span> <span class='ocrx_word' id='word_1_635' title='bbox 510 2578 626 2609; x_wconf 84' lang='lat' dir='ltr'><strong>oblitus</strong></span> <span class='ocrx_word' id='word_1_636' title='bbox 649 2586 717 2608; x_wconf 88' lang='lat' dir='ltr'><strong>esse</strong></span> <span class='ocrx_word' id='word_1_637' title='bbox 740 2580 813 2617; x_wconf 80' lang='lat' dir='ltr'><strong>post</strong></span> <span class='ocrx_word' id='word_1_638' title='bbox 835 2577 989 2614; x_wconf 73' lang='lat' dir='ltr'><strong>felicilus,</strong></span> <span class='ocrx_word' id='word_1_639' title='bbox 1025 2586 1084 2607; x_wconf 92' lang='lat' dir='ltr'><strong>non</strong></span> <span class='ocrx_word' id='word_1_640' title='bbox 1113 2581 1184 2616; x_wconf 83' lang='lat' dir='ltr'><strong>post</strong></span> <span class='ocrx_word' id='word_1_641' title='bbox 1214 2579 1319 2616; x_wconf 78' lang='lat' dir='ltr'><strong>rectis,</strong></span> <span class='ocrx_word' id='word_1_642' title='bbox 1356 2580 1541 2618; x_wconf 90' lang='lat' dir='ltr'><strong>ponendum.</strong></span> <span class='ocrx_word' id='word_1_643' title='bbox 1587 2582 1684 2618; x_wconf 87' lang='lat' dir='ltr'><strong>Quam</strong></span> <span class='ocrx_word' id='word_1_644' title='bbox 1706 2582 1786 2612; x_wconf 86' lang='lat' dir='ltr'><strong>male</strong></span> <span class='ocrx_word' id='word_1_645' title='bbox 1808 2582 1931 2613; x_wconf 86' lang='lat' dir='ltr'><strong>habitus</strong></span> <span class='ocrx_word' id='word_1_646' title='bbox 1956 2584 1996 2613; x_wconf 89' lang='lat' dir='ltr'><strong>sit</strong></span> <span class='ocrx_word' id='word_1_647' title='bbox 2019 2584 2105 2614; x_wconf 86' lang='lat' dir='ltr'><strong>locus</strong></span> <span class='ocrx_word' id='word_1_648' title='bbox 2128 2586 2179 2622; x_wconf 81' lang='lat' dir='ltr'><strong>qui</strong></span> 
     </span>
    </p>
   </div>
   <div class='ocr_carea' id='block_1_4' title="bbox 215 2695 2180 2833">
    <p class='ocr_par' dir='ltr' id='par_1_9' title="bbox 215 2695 2180 2833">
     <span class='ocr_line' id='line_1_45' title="bbox 389 2695 2178 2737; baseline 0 -12"><span class='ocrx_word' id='word_1_649' title='bbox 389 2697 412 2733; x_wconf 81' lang='lat'><strong>¹]</strong></span> <span class='ocrx_word' id='word_1_650' title='bbox 434 2696 545 2725; x_wconf 74' lang='lat' dir='ltr'><strong>Gralul.</strong></span> <span class='ocrx_word' id='word_1_651' title='bbox 566 2706 662 2732; x_wconf 83' lang='lat' dir='ltr'><strong>gymn.</strong></span> <span class='ocrx_word' id='word_1_652' title='bbox 683 2695 751 2730; x_wconf 79' lang='lat' dir='ltr'><strong>Pyr.</strong></span> <span class='ocrx_word' id='word_1_653' title='bbox 774 2695 857 2723; x_wconf 83' lang='lat'><strong>1861.</strong></span> <span class='ocrx_word' id='word_1_654' title='bbox 878 2711 913 2714; x_wconf 97' lang='lat'><strong>—</strong></span> <span class='ocrx_word' id='word_1_655' title='bbox 937 2695 963 2730; x_wconf 51' lang='grc' dir='ltr'><strong>Ἴ)</strong></span> <span class='ocrx_word' id='word_1_656' title='bbox 982 2695 1207 2723; x_wconf 76' lang='lat' dir='ltr'><strong>Observationes</strong></span> <span class='ocrx_word' id='word_1_657' title='bbox 1225 2697 1342 2723; x_wconf 78' lang='lat' dir='ltr'><strong>criticae</strong></span> <span class='ocrx_word' id='word_1_658' title='bbox 1362 2698 1391 2724; x_wconf 88' lang='lat' dir='ltr'><strong>in</strong></span> <span class='ocrx_word' id='word_1_659' title='bbox 1412 2697 1445 2725; x_wconf 77' lang='lat' dir='ltr'><strong>L.</strong></span> <span class='ocrx_word' id='word_1_660' title='bbox 1465 2698 1539 2726; x_wconf 86' lang='lat' dir='ltr'><strong>Ann.</strong></span> <span class='ocrx_word' id='word_1_661' title='bbox 1559 2700 1626 2727; x_wconf 86' lang='lat' dir='ltr'><strong>Sen.</strong></span> <span class='ocrx_word' id='word_1_662' title='bbox 1648 2698 1808 2734; x_wconf 75' lang='lat' dir='ltr'><strong>Numburgi</strong></span> <span class='ocrx_word' id='word_1_663' title='bbox 1830 2701 1911 2729; x_wconf 81' lang='lat'><strong>1874.</strong></span> <span class='ocrx_word' id='word_1_664' title='bbox 1932 2711 1958 2736; x_wconf 88' lang='lat' dir='ltr'><strong>p.</strong></span> <span class='ocrx_word' id='word_1_665' title='bbox 1970 2701 2015 2729; x_wconf 83' lang='lat'><strong>20,</strong></span> <span class='ocrx_word' id='word_1_666' title='bbox 2031 2717 2067 2722; x_wconf 89' lang='lat'>—</span> <span class='ocrx_word' id='word_1_667' title='bbox 2090 2702 2116 2737; x_wconf 89' lang='lat'><strong>·‘)</strong></span> <span class='ocrx_word' id='word_1_668' title='bbox 2136 2701 2178 2730; x_wconf 64' lang='lat' dir='ltr'><strong>De</strong></span> 
     </span>
     <span class='ocr_line' id='line_1_46' title="bbox 217 2747 2180 2788; baseline 0.001 -7"><span class='ocrx_word' id='word_1_669' title='bbox 217 2752 362 2781; x_wconf 75' lang='lat' dir='ltr'><strong>latinitate</strong></span> <span class='ocrx_word' id='word_1_670' title='bbox 384 2751 417 2778; x_wconf 87' lang='lat' dir='ltr'><strong>L.</strong></span> <span class='ocrx_word' id='word_1_671' title='bbox 430 2751 504 2777; x_wconf 83' lang='lat' dir='ltr'><strong>Anu.</strong></span> <span class='ocrx_word' id='word_1_672' title='bbox 518 2750 586 2777; x_wconf 83' lang='lat' dir='ltr'><strong>Seu.</strong></span> <span class='ocrx_word' id='word_1_673' title='bbox 608 2748 775 2784; x_wconf 82' lang='lat' dir='ltr'><strong>Regimonti</strong></span> <span class='ocrx_word' id='word_1_674' title='bbox 798 2749 880 2782; x_wconf 81' lang='lat'><strong>1872,</strong></span> <span class='ocrx_word' id='word_1_675' title='bbox 901 2758 929 2784; x_wconf 90' lang='lat' dir='ltr'><strong>p.</strong></span> <span class='ocrx_word' id='word_1_676' title='bbox 948 2748 980 2775; x_wconf 81' lang='lat'><strong>61</strong></span> <span class='ocrx_word' id='word_1_677' title='bbox 1003 2757 1094 2782; x_wconf 89' lang='lat' dir='ltr'><strong>sq.—</strong></span> <span class='ocrx_word' id='word_1_678' title='bbox 1117 2748 1143 2783; x_wconf 80' lang='lat'><strong>⁴)</strong></span> <span class='ocrx_word' id='word_1_679' title='bbox 1161 2747 1194 2777; x_wconf 89' lang='lat' dir='ltr'><strong>L.</strong></span> <span class='ocrx_word' id='word_1_680' title='bbox 1216 2749 1289 2777; x_wconf 77' lang='lat' dir='ltr'><strong>Anu.</strong></span> <span class='ocrx_word' id='word_1_681' title='bbox 1312 2750 1380 2777; x_wconf 89' lang='lat' dir='ltr'><strong>Sen.</strong></span> <span class='ocrx_word' id='word_1_682' title='bbox 1403 2759 1467 2786; x_wconf 87' lang='lat' dir='ltr'><strong>epp.</strong></span> <span class='ocrx_word' id='word_1_683' title='bbox 1487 2750 1676 2785; x_wconf 76' lang='lat' dir='ltr'><strong>Argentorati</strong></span> <span class='ocrx_word' id='word_1_684' title='bbox 1698 2751 1779 2786; x_wconf 84' lang='lat'><strong>1809,</strong></span> <span class='ocrx_word' id='word_1_685' title='bbox 1801 2750 1836 2787; x_wconf 78' lang='lat' dir='ltr'><strong>ll,</strong></span> <span class='ocrx_word' id='word_1_686' title='bbox 1856 2761 1884 2788; x_wconf 92' lang='lat' dir='ltr'><strong>p.</strong></span> <span class='ocrx_word' id='word_1_687' title='bbox 1899 2753 1965 2781; x_wconf 82' lang='lat'><strong>287.</strong></span> <span class='ocrx_word' id='word_1_688' title='bbox 1986 2769 2020 2772; x_wconf 94' lang='lat'><strong>-—</strong></span> <span class='ocrx_word' id='word_1_689' title='bbox 2044 2752 2070 2788; x_wconf 79' lang='lat'><strong>⁵)</strong></span> <span class='ocrx_word' id='word_1_690' title='bbox 2088 2752 2180 2782; x_wconf 79' lang='lat' dir='ltr'><strong>Jahus</strong></span> 
     </span>
     <span class='ocr_line' id='line_1_47' title="bbox 215 2799 676 2833; baseline -0.004 0"><span class='ocrx_word' id='word_1_691' title='bbox 215 2804 397 2833; x_wconf 81' lang='lat' dir='ltr'><strong>Jahrbiicher</strong></span> <span class='ocrx_word' id='word_1_692' title='bbox 416 2803 462 2832; x_wconf 84' lang='lat'><strong>37.</strong></span> <span class='ocrx_word' id='word_1_693' title='bbox 479 2801 532 2831; x_wconf 87' lang='lat' dir='ltr'><strong>Bd.</strong></span> <span class='ocrx_word' id='word_1_694' title='bbox 553 2803 583 2831; x_wconf 89' lang='lat' dir='ltr'><strong>S.</strong></span> <span class='ocrx_word' id='word_1_695' title='bbox 600 2802 632 2829; x_wconf 94' lang='lat'><strong>11</strong></span> <span class='ocrx_word' id='word_1_696' title='bbox 653 2799 676 2831; x_wconf 82' lang='lat' dir='ltr'><strong>f.</strong></span> 
     </span>
    </p>
   </div>
  </div>
 </body>
</html>
